1418 2197
105 132 146 162 20
455 131 490 164 P.
520 130 710 162 VERGILI
736 129 944 161 MARONIS

104 225 236 259 tecum
258 234 344 260 acer
365 221 572 272 Messapus
595 220 679 268 erit,
705 225 938 270 turmaeque
959 219 1135 266 Latinae,

107 287 342 338 Tiburtique
363 300 504 325 manus
521 301 530 334 3
561 286 672 325 ducis
694 292 734 324 et
755 291 800 324 tu
822 285 980 337 concipe
1003 287 1160 324 curam.'

107 353 160 392 sic
182 354 248 401 ait,
274 358 314 392 et
334 353 494 404 paribus
517 353 744 403 Messapum
767 352 808 390 in
829 352 979 403 proelia
1000 351 1117 390 dictis
1254 373 1303 396 520

107 420 290 458 hortatur
312 420 512 470 sociosque
534 419 663 467 duces,
688 424 727 457 et
749 418 879 469 pergit
899 419 941 456 in
962 418 1127 456 hostem.

108 492 167 525 est
190 500 309 525 curvo
332 487 512 524 anfractu
534 486 667 534 valles,
692 485 949 524 adcommoda
969 485 1101 523 fraudi

108 566 384 603 armorumque
408 552 518 600 dolis,
542 566 661 602 quam
683 552 815 590 densis
836 551 1044 589 frondibus
1065 555 1196 588 atrum

108 624 251 669 urguet
273 619 471 669 utrimque
493 618 597 657 latus
613 633 622 666 3
653 618 784 656 tenuis
808 631 884 668 quo
906 618 1046 655 semita
1066 616 1185 664 ducit,

108 691 377 736 angustaeque
399 685 535 723 ferunt
556 685 689 723 fauces
712 683 921 734 aditusque
944 683 1116 734 maligni.
1256 703 1305 727 525

109 752 210 789 hanc
233 764 349 801 super
370 751 411 788 in
433 751 599 801 speculis
622 763 854 800 summoque
875 750 915 787 in
938 749 1084 787 vertice
1106 748 1252 787 montis

110 817 293 867 planities
316 817 451 868 ignota
472 817 582 864 iacet,
606 817 763 867 tutique
784 820 975 866 receptus,
1208 808 1211 810 ’

109 895 179 921 seu
201 883 342 921 dextra
363 882 553 933 laevaque
575 882 672 920 velis
695 894 897 920 occurrere
920 894 1086 931 pugnae,

111 949 193 987 sive
215 949 362 987 instare
385 949 495 1000 iugis,
520 955 560 987 et
580 948 746 1000 grandia
767 947 926 986 volvere
948 960 1052 985 saxa.

111 1016 186 1053 huc
209 1015 361 1053 iuvenis
383 1014 477 1053 nota
493 1015 620 1053 fertur
641 1014 799 1065 regione
821 1013 987 1059 viarum,
1258 1032 1307 1057 530

113 1081 358 1132 arripuitque
380 1081 510 1119 locum
531 1085 572 1119 et
593 1080 702 1119 silvis
724 1079 870 1118 insedit
891 1079 1047 1129 iniquis.

171 1148 345 1187 velocem
367 1147 517 1185 interea
539 1146 690 1198 superis
712 1146 754 1185 in
776 1146 935 1184 sedibus
957 1145 1084 1196 Opim,

113 1228 234 1253 unam
255 1227 304 1252 ex
325 1213 544 1264 virginibus
565 1213 678 1251 sociis
700 1225 885 1262 sacraque
907 1215 1074 1258 caterva,

115 1280 376 1331 compellabat
397 1284 437 1318 et
459 1279 528 1317 has
551 1279 684 1317 tristes
706 1278 873 1316 Latonia
894 1290 1009 1315 voces

116 1361 181 1387 ore
204 1348 346 1386 dabat:
382 1347 585 1398 ‘graditur
605 1346 754 1385 bellum
776 1345 827 1383 ad
848 1345 1004 1383 crudele
1026 1343 1201 1391 Camilla,
1260 1364 1307 1389 535

116 1428 139 1453 o
159 1414 281 1465 virgo,
307 1418 346 1452 et
367 1413 512 1451 nostris
535 1412 775 1463 nequiquam
797 1411 969 1462 cingitur
990 1410 1118 1457 armis,

117 1494 205 1519 cara
225 1480 323 1518 mihi
344 1484 436 1518 ante
458 1479 562 1517 alias.
627 1492 752 1529 neque
775 1478 880 1516 enim
900 1490 1027 1515 novus
1048 1477 1122 1515 iste
1143 1476 1296 1515 Dianae

117 1547 227 1586 venit
248 1559 367 1593 amor,
391 1546 600 1595 subitaque
623 1545 798 1583 animum
821 1543 1028 1582 dulcedine
1050 1542 1184 1581 movit.

119 1613 253 1664 pulsus
275 1613 325 1652 ob
346 1611 534 1651 invidiam
559 1624 680 1662 regno
702 1611 884 1662 viresque
905 1609 1092 1660 superbas

122 1679 310 1717 Priverno
331 1678 495 1728 antiqua
517 1677 702 1716 Metabus
725 1690 814 1715 cum
836 1675 1044 1714 excederet
1064 1673 1172 1722 urbe,
1261 1695 1311 1718 540

120 1745 313 1783 infantem
334 1744 489 1795 fugiens
511 1743 641 1782 media
661 1743 766 1781 inter
786 1742 935 1793 proelia
955 1741 1048 1779 belli

121 1811 282 1850 sustulit
304 1811 443 1849 exsilio
465 1810 659 1857 comitem,
684 1809 902 1859 matrisque
924 1807 1082 1846 vocavit

123 1877 280 1915 nomine
303 1876 522 1923 Casmillae,
545 1879 699 1913 mutata
720 1879 844 1924 parte,
867 1872 1084 1912 Camillam.

122 1944 205 1994 ipse
227 1943 316 1982 sinu
336 1956 430 1993 prae
451 1955 492 1981 se
513 1945 676 1992 portans
698 1940 789 1990 iuga
810 1939 928 1990 longa
949 1938 1110 1989 petebat

123 2010 297 2049 solorum
316 2022 522 2048 nemorum
537 2023 547 2057 3
578 2007 658 2045 tela
678 2006 853 2056 undique
874 2018 990 2043 saeva
1010 2003 1252 2056 premebant,
1264 2024 1312 2048 545
