1418 2197
472 99 702 131 AENEIDOS
728 99 812 130 LIB.
841 99 890 130 XI
1233 100 1272 130 31

115 190 272 240 quicum
293 189 431 240 partiri
453 202 565 227 curas
580 204 590 237 3
621 194 739 239 atquc
762 188 856 227 haec
877 188 934 226 ita
954 187 1061 226 fatur
1078 204 1083 225 :

89 259 97 275 ‘
113 256 310 305 hactenus,
335 256 437 294 Acca
458 269 577 302 soror,
602 255 714 306 potui
730 270 739 303 3
771 268 874 293 nunc
896 254 1038 293 vulnus
1061 254 1243 292 acerbum

114 322 279 370 conficit,
304 327 344 361 et
365 322 538 361 tenebris
560 322 788 373 nigrescunt
809 321 941 360 omnia
962 321 1116 359 circum.

113 389 239 439 effuge
261 392 300 426 et
321 388 415 426 haec
437 388 570 426 Turno
591 387 780 426 mandata
801 387 1014 426 novissima
1035 386 1164 437 perfer
1183 402 1188 424 :
1227 400 1274 431 825

112 453 294 492 succedat
315 467 470 506 pugnae
492 454 762 504 Troianosque
784 458 913 492 arceat
934 453 1041 491 urbe.

110 519 267 570 iamque
288 519 398 559 vale)
460 520 576 558 simul
593 520 653 559 his
676 520 792 559 dictis
813 519 1019 571 linquebat
1039 519 1223 566 habenas,

111 585 161 624 ad
183 592 328 624 terram
350 599 429 625 non
451 592 591 637 sponte
613 587 748 626 fluens.
811 591 898 625 tum
919 585 1064 637 frigida
1084 590 1171 624 toto

111 651 302 702 paulatim
323 653 493 691 exsolvit
514 666 554 691 se
576 666 747 704 corpore,
771 652 955 703 lentaque
977 651 1076 690 colla

111 721 151 756 et
172 723 330 768 captum
352 718 432 757 leto
452 719 585 769 posuit
606 724 734 769 caput,
759 732 867 757 arma
888 718 1124 768 relinquens,
1227 732 1275 763 850

110 783 269 834 vitaque
291 797 379 822 cum
400 785 549 836 gemitu
571 784 675 836 fugit
696 785 903 836 indignata
924 784 997 823 sub
1018 784 1185 822 umbras.

109 854 196 888 tum
217 863 309 888 vero
331 851 531 890 inmensus
554 864 718 902 surgens
739 851 833 890 ferit
854 864 972 889 aurea
993 850 1140 889 clamor

109 916 238 955 sidera
252 931 262 964 3
294 916 444 955 deiecta
465 917 660 956 crudescit
681 931 814 969 pugna
836 916 1002 956 Camilla
1017 932 1027 966 3

109 982 316 1021 incurrunt
337 983 450 1021 densi
472 983 586 1022 simul
609 984 736 1023 omnis
758 984 869 1034 copia
890 983 1085 1022 Teucrum

110 1048 382 1099 Tyrrhenique
404 1049 522 1088 duces
543 1050 798 1100 Euandrique
820 1050 996 1088 Arcades
1017 1049 1111 1088 alae.
1224 1064 1272 1095 835

164 1120 206 1152 at
227 1114 381 1153 Triviae
403 1120 531 1154 custos
553 1115 784 1154 iamdudum
806 1116 847 1154 in
868 1116 1069 1154 montibus
1092 1115 1188 1166 Opis

108 1180 188 1219 alta
208 1181 319 1220 sedet
340 1181 512 1231 summis,
537 1187 765 1233 spectatque
787 1183 969 1221 interrita
990 1195 1152 1233 pugnas.

107 1251 229 1298 utque
250 1248 385 1298 procul
405 1248 536 1287 medio
558 1249 746 1287 iuvenum
768 1249 810 1287 in
832 1248 999 1287 clamore
1020 1248 1222 1287 furentum

107 1314 311 1364 prospexit
332 1313 437 1352 tristi
458 1314 668 1353 multatam
689 1319 816 1353 morte
834 1314 1052 1362 Camillam,

107 1379 377 1430 ingemuitque
400 1380 587 1431 deditque
609 1381 679 1419 has
701 1381 780 1420 imo
802 1386 960 1433 pectore
982 1394 1118 1420 voces:
1223 1396 1272 1427 840

81 1447 89 1463 ‘
106 1444 182 1483 heu
204 1445 380 1493 nimium,
405 1446 526 1497 virgo,
551 1446 716 1484 nimium
737 1447 893 1486 crudele
915 1446 1023 1485 luisti

107 1511 354 1562 supplicium,
379 1512 549 1551 Teucros
572 1519 712 1551 conata
732 1513 918 1552 lacessere
940 1514 1043 1554 bello
1061 1518 1067 1553 !

107 1591 177 1616 nec
197 1578 270 1616 tibi
292 1578 471 1617 desertae
492 1579 533 1617 in
555 1578 684 1618 dumis
707 1579 869 1618 coluisse
891 1580 1062 1618 Dianam

106 1643 266 1694 profuit,
290 1650 360 1683 aut
380 1650 534 1684 nostras
556 1659 690 1684 umero
711 1647 875 1697 gessisse
896 1646 1111 1697 pharetras.

106 1722 185 1747 non
206 1715 339 1748 tamen
360 1710 584 1749 indecorem
604 1716 673 1749 tua
694 1716 734 1750 te
754 1712 890 1762 regina
911 1712 1072 1762 reliquit
1221 1727 1270 1758 845

106 1779 283 1814 extrema
323 1776 402 1814 iam
437 1777 478 1814 in
514 1782 640 1816 morte
658 1793 669 1826 3
719 1791 846 1828 neque
882 1778 954 1817 hoc
990 1778 1074 1817 sine
1109 1779 1269 1818 nomine

220 1841 344 1880 letum

106 1920 176 1957 per
196 1912 332 1958 gentes
354 1908 439 1955 erit,
464 1913 533 1947 aut
554 1909 698 1948 famam
719 1910 881 1961 patieris
902 1911 1062 1950 inultae.

106 1986 196 2011 nam
219 1974 456 2024 quicumque
478 1979 590 2013 tuum
612 1976 777 2015 violavit
798 1977 960 2016 vulnere
983 1991 1132 2028 corpus,
