1418 2197
119 121 158 151 18
473 119 508 152 P.
538 118 725 151 VERGILI
752 118 958 151 MARONIS

148 209 339 259 corripuit
360 222 442 248 sese
465 213 505 247 et
526 209 641 247 tectis
663 209 763 247 citus
785 208 931 247 extulit
952 208 1051 247 altis.

122 278 130 294 ‘
146 281 201 322 tu,
225 275 384 322 Voluse,
408 275 551 313 armari
574 275 806 313 Volscorum
829 275 935 314 edice
957 274 1166 325 maniplis,

148 340 246 388 duc,’
264 342 328 387 ait,
352 344 414 379 ‘et
435 341 613 379 Rutulos.
678 341 862 391 equitem,
881 340 1098 391 Messapus,
1120 340 1161 378 in
1183 339 1311 387 armis,

150 413 190 446 et
211 420 300 446 cum
321 408 442 445 fratre
466 407 598 454 Coras,
623 407 715 445 latis
737 406 949 445 diffundite
971 406 1127 457 campis.
1267 420 1315 451 465

148 487 238 525 pars
261 473 391 512 aditus
413 473 520 512 urbis
542 474 673 512 firmet
694 478 900 523 turresque
922 477 1123 523 capessat:

150 545 288 587 cetera,
313 552 391 590 qua
411 540 526 587 iusso,
549 553 703 578 mecum
724 552 864 577 manus
886 539 1032 577 inferat
1052 540 1184 577 arina)

150 605 257 644 ilicet
277 605 318 643 in
339 618 471 644 muros
493 609 579 644 tota
601 605 837 644 discurritur
859 604 963 643 urbe.

151 671 357 710 concilium
378 671 461 722 ipse
483 676 595 722 pater
617 676 658 710 et
678 685 820 723 magna
843 671 999 721 incepta
1020 670 1187 709 Latinus

150 738 296 777 deserit
317 752 360 777 ac
382 738 487 776 tristi
509 738 693 777 turbatus
715 742 893 788 tempore
914 736 1057 784 differt,
1269 759 1319 782 470

150 804 355 855 multaque
377 817 418 842 se
439 804 602 852 incusat,
626 804 695 854 qui
716 816 796 842 non
818 802 1012 853 acceperit
1032 802 1139 841 ultro

150 870 398 909 Dardanium
421 870 597 918 Aenean,
619 883 887 921 generumque
909 869 1120 908 adsciverit
1140 868 1240 908 urbi.

150 937 403 987 praefodiunt
424 937 491 974 alii
512 943 657 987 portas,
683 941 751 974 aut
772 949 867 974 saxa
887 935 1083 986 sudesque

151 1003 396 1042 subvectant.
456 1002 560 1041 bello
582 1002 652 1041 dat
673 1002 829 1053 signum
850 1015 966 1040 rauca
987 1006 1192 1040 cruentum

151 1069 304 1108 bucina.
367 1073 452 1107 tum
475 1082 608 1107 muros
629 1068 739 1107 varia
761 1068 918 1107 cinxere
941 1081 1083 1107 corona
1271 1089 1319 1113 475

151 1141 356 1174 matronae
377 1135 568 1186 puerique
584 1150 594 1184 3
625 1140 742 1173 vocat
763 1134 874 1173 labor
895 1134 1060 1173 ultimus
1082 1147 1227 1173 omnes.

151 1215 223 1241 nec
244 1215 323 1240 non
345 1201 395 1239 ad
417 1201 612 1252 templum
633 1214 884 1251 summasque
902 1200 952 1238 ad
973 1200 1146 1239 Palladis
1167 1213 1276 1239 arces

153 1267 389 1306 subvehitur
409 1281 553 1318 magna
573 1271 747 1305 matrum
769 1267 906 1317 regina
926 1271 1095 1314 caterva,

153 1334 257 1373 dona
278 1333 417 1381 ferens,
442 1333 632 1384 iuxtaque
654 1346 782 1371 comes
804 1332 970 1371 Lavinia
989 1332 1111 1383 virgo,

155 1413 271 1438 causa
291 1399 384 1437 mali
406 1399 520 1446 tanti,
545 1398 676 1437 oculos
698 1398 850 1437 deiecta
872 1398 1041 1437 decoros.
1272 1411 1322 1442 480

143 1465 371 1508 ‚succedunt
392 1470 547 1512 matres,
572 1469 612 1503 et
633 1463 828 1515 templum
850 1469 938 1502 ture
960 1467 1165 1514 vaporant,

155 1536 196 1571 et
216 1537 385 1570 maestas
407 1531 488 1569 alto
509 1530 684 1569 fundunt
705 1530 754 1568 de
776 1530 910 1569 limine
932 1543 1068 1568 voces:

155 1598 405 1648 armipotens,
430 1609 587 1648 praeses
610 1595 714 1643 belli,
738 1595 918 1634 Tritonia
940 1595 1061 1646 virgo,

156 1665 292 1714 frange
314 1677 435 1701 manu
456 1663 580 1701 telum
602 1662 768 1713 Phrygii
788 1661 1008 1712 praedonis,
1030 1666 1070 1699 et
1090 1660 1218 1711 ipsum

157 1743 324 1781 pronum
347 1734 478 1768 sterne
500 1729 592 1776 solo,
616 1729 820 1779 portisque
843 1727 998 1766 effunde
1020 1727 1092 1765 sub
1114 1726 1227 1766 altis.'
1273 1740 1321 1772 485

158 1796 331 1847 cingitur
351 1796 433 1847 ipse
455 1795 591 1834 furens
612 1795 793 1833 certatim
814 1794 854 1832 in
876 1794 1026 1845 proelia
1046 1793 1212 1832 Turnus.

158 1864 315 1913 iamque
336 1862 434 1901 adeo
455 1861 620 1900 rutilum
642 1861 802 1899 thoraca
823 1860 987 1899 indutus
1008 1860 1116 1899 ae'nis

160 1929 346 1967 horrebat
368 1928 548 1978 squamis,
575 1940 763 1978 surasque
784 1926 998 1965 incluserat
1018 1939 1124 1974 auro,

162 2000 343 2046 tempora
366 1994 496 2033 nudus
519 1993 657 2042 adhuc,
682 1993 873 2044 laterique
896 1993 1119 2032 accinxerat
1140 2005 1282 2039 ensem,
