1418 2197
467 115 698 147 AENEIDOS
724 115 807 148 LIB.
837 115 885 146 XI
1257 115 1274 144 3

86 205 289 244 discedens
311 205 504 253 dederam,
529 218 618 242 cum
639 219 700 242 me
722 204 948 255 complexus
971 208 1131 242 euntem

85 271 263 310 mitteret
283 272 324 309 in
345 284 532 322 magnum
553 270 772 321 imperium,
797 275 1055 319 metuensque
1077 273 1255 306 moneret

86 351 192 376 acres
213 351 295 376 esse
316 337 431 385 viros,
456 350 546 375 cum
567 336 666 374 dura
688 336 836 387 proelia
857 341 983 387 gente.

87 409 127 441 et
147 416 251 441 nunc
272 403 337 441 ille
359 402 520 453 quidem
542 415 610 453 spe
631 402 802 440 multum
824 409 962 453 captus
983 402 1091 439 inani

85 469 166 507 fors
187 474 227 508 et
247 474 340 507 vota
360 469 464 516 facit,
488 468 741 519 cumulatque
763 467 902 506 altaria
924 468 1037 506 donis
1053 483 1063 515 ;
1245 489 1277 511 50

86 548 157 574 nos
178 535 361 573 iuvenem
383 535 611 573 exanimum
632 540 672 573 et
693 535 749 572 nil
769 535 848 572 iam
870 534 1101 572 caelestibus
1123 533 1213 571 ullis

85 601 297 640 debentem
317 614 419 639 vano
440 601 580 639 maesti
603 601 836 639 comitamur
856 600 1014 638 honore.

86 667 235 715 infelix,
259 667 343 706 nati
363 667 483 706 funus
505 666 661 706 crudele
683 666 845 705 videbis.

86 733 127 772 hi
149 733 273 772 nostri
293 733 454 780 reditus,
480 733 775 783 exspectatique
797 731 1019 782 triumphi?
1245 753 1277 775 54

86 800 181 838 haec
201 812 287 837 mea
308 812 450 849 magna
470 798 566 837 fides
585 799 598 837 Ζ
656 804 697 836 at
718 811 808 845 non,
831 797 1028 845 Euandre,
1051 797 1248 848 pudendis

85 865 315 904 vulneribus
337 865 495 916 pulsum
517 864 679 915 aspicies
694 879 704 913 3
726 878 796 902 nec
819 864 964 915 sospite
981 864 1112 902 dirum

87 932 242 983 optabis
263 936 357 970 nato
377 931 496 969 funus
518 936 640 981 pater.
702 930 768 968 hei
788 930 896 978 mihi,
921 935 1115 980 quantum

87 997 324 1049 praesidium
346 997 524 1035 Ausonia
546 1002 585 1034 et
607 1001 800 1047 quantum
821 1002 866 1034 tu
887 996 1030 1046 perdis,
1054 995 1141 1044 Iule
1155 999 1162 1034 1
1176 997 1184 1012 ’

143 1063 239 1102 haec
259 1063 327 1101 ubi
349 1063 518 1109 deflevit,
543 1061 630 1100 tolli
651 1062 875 1100 miserabile
897 1075 1036 1112 corpus
1134 1052 1139 1060 ’

87 1129 264 1181 imperat,
278 1133 329 1186 xet
349 1133 436 1168 toto
456 1128 577 1167 lectos
599 1141 649 1166 ex
670 1128 825 1179 agmine
846 1127 973 1166 mittit
1246 1142 1280 1166 60

87 1195 330 1244 mille-viros,
355 1195 423 1246 qui
444 1207 674 1245 supremum
695 1194 935 1232 comitentur
957 1193 1157 1241 honorem,

87 1261 349 1312 intersintque
370 1260 493 1312 patris
514 1259 694 1308 lacrimis,
719 1259 862 1298 solacia
881 1259 1011 1298 luctus

88 1327 231 1378 exigua
249 1327 432 1378 ingentis,
455 1326 598 1365 misero
621 1325 690 1364 sed
712 1325 847 1364 debita
866 1325 980 1376 patri.

88 1392 195 1432 haud
215 1406 352 1447 segnes
373 1392 440 1430 alii
461 1397 586 1443 crates
609 1396 649 1430 et
669 1391 787 1429 molle
809 1391 1001 1429 feretrum

88 1459 261 1498 arbuteis
282 1464 426 1497 texunt
446 1458 567 1510 virgis
588 1462 628 1496 et
648 1457 795 1496 vimine
818 1470 977 1508 querno,
1247 1471 1279 1502 65

89 1521 386 1576 exstructosque
406 1529 514 1563 toros
536 1523 702 1562 obtentu
723 1523 874 1561 frondis
895 1523 1134 1562 inumbrant.

88 1591 154 1629 hic‘
172 1590 354 1630 iuvenem
374 1589 519 1641 agresti
541 1589 747 1628 sublimem
770 1589 957 1627 stramine
978 1593 1156 1640 ponunt:

87 1657 244 1709 qualem
264 1657 442 1708 virgineo
463 1655 684 1694 demessum
705 1655 846 1706 pollice
867 1655 1014 1703 florem,

88 1737 157 1763 seu
176 1722 304 1761 mollis
325 1722 453 1761 violae
474 1735 542 1760 seu
562 1721 786 1772 languentis
808 1721 1024 1772 hyacinthi,

89 1790 151 1828 cui
171 1802 297 1839 neque
317 1788 448 1840 fulgor
468 1787 596 1826 adhuc
617 1801 687 1826 nec
709 1787 805 1826 dum
826 1800 895 1826 sua
916 1787 1044 1826 forma
1063 1788 1224 1826 recessit
1238 1803 1250 1837 ς

88 1869 168 1894 non
188 1855 267 1893 iam
286 1860 413 1893 mater
434 1854 505 1893 alit
525 1854 654 1902 tellus,
678 1855 859 1905 viresque
879 1854 1089 1893 ministrat.
1247 1877 1276 1900 71

88 1926 183 1960 tunc
203 1920 379 1972 geminas
399 1927 529 1959 vestes
549 1933 725 1971 auroque
746 1924 931 1971 ostroque
951 1920 1125 1971 rigentes

89 1986 236 2026 extulit
255 1985 421 2032 Aeneas,
445 1998 542 2037 quas
563 1985 622 2024 illi
641 1985 745 2025 laeta
764 1985 944 2025 laborum
