1418 2197
450 115 682 147 AENEIDOS
707 115 792 149 LIB.
822 115 870 147 XI
1217 114 1257 145 33

66 206 241 244 volvitur
261 205 311 244 ad
331 218 464 243 muros
486 204 650 256 caligine
672 204 856 242 turbidus
878 209 963 242 atra

66 271 208 322 pulvis,
232 276 272 309 et
293 284 313 310 e
336 270 502 321 speculis
524 283 728 320 percussae
750 275 908 320 pectora
929 274 1072 307 matres

66 336 282 375 femineum
303 336 512 373 clamorem
534 335 584 373 ad
606 336 702 373 caeli
723 335 850 374 sidera
872 335 1028 373 tollunt.

67 402 134 452 qui
157 415 271 440 cursu
292 407 425 452 portas
446 402 564 452 primi
585 402 769 452 inrupere
790 407 982 452 patentes,

66 467 137 506 hos
158 468 316 506 inimica
338 481 455 518 super
474 468 601 506 mixto
623 468 767 518 premit
788 467 943 518 agmine
964 467 1082 505 turba
1097 482 1106 514 3
1211 480 1260 504 880

66 546 136 571 nec
157 533 339 572 miseram
361 533 555 584 effugiunt
576 539 755 578 mortem,
781 533 848 571 sed
870 533 1004 571 limine
1026 533 1067 570 in
1087 533 1184 583 ipso,

66 600 271 638 moenibus
291 600 333 637 in
354 600 504 650 patriis,
529 604 648 649 atque
670 600 775 637 inter
795 604 884 637 tuta
905 599 1122 645 domorum,

67 666 210 704 confixi
231 666 434 716 exspirant
455 665 615 703 animas.
678 678 768 716 pars
791 665 971 703 claudere
993 671 1154 715 portas3

66 745 136 770 nec
158 732 271 770 sociis
293 732 443 782 aperire
468 732 584 778 riam,
609 745 679 769 nee
701 731 906 769 moenibus
928 731 1077 769 audent

65 797 240 848 accipere
263 802 420 835 orantes
436 812 446 844 ,-
477 797 682 847 oriturque
703 797 922 835 miserrima
943 796 1079 835 caedes
1211 811 1260 842 885

66 863 351 902 defendentum
372 862 490 901 armis
513 863 655 909 adit-us,
680 862 799 912 inque
820 875 930 900 arma
949 868 1146 901 ruentum.

66 929 213 967 exclusi
236 934 327 967 ante
349 928 480 967 oculos
501 928 855 978 lacrimantumque
878 942 945 966 ora
965 934 1176 979 parentum

65 1008 155 1045 pars
175 994 218 1032 in
238 995 470 1045 praecipites
491 994 614 1032 fossas
635 1000 828 1045 urguente
849 994 964 1032 ruina

64 1060 248 1107 volvitur,
270 1061 441 1099 inmissis
463 1074 553 1111 pars
575 1073 686 1098 caeca
708 1065 748 1098 et
769 1060 922 1098 concita
942 1060 1064 1099 frenis

64 1126 208 1164 arietat
227 1127 270 1164 in
289 1130 423 1177 portas
445 1131 485 1165 et
506 1126 625 1164 duros
647 1126 757 1164 obice
778 1131 921 1176 postes.
1211 1141 1261 1173 890

65 1192 171 1243 ipsae
193 1192 241 1230 de
263 1192 384 1230 muris
406 1206 558 1230 summo
581 1192 794 1230 certamine
815 1197 1019 1231 matres—

64 1262 260 1296 monstrat
281 1271 390 1296 amor
409 1271 526 1297 verus
548 1259 806 1309 patriae—ut
827 1258 1201 1306 videre·Camillam‚

65 1323 145 1362 tela
164 1334 286 1362 manu
305 1324 482 1375 trepidae
504 1324 662 1371 iaciunt,
686 1338 728 1363 ac
749 1325 889 1363 robore
912 1324 1010 1363 duro

66 1390 269 1441 stipitibus
290 1391 439 1429 ferrum
462 1391 702 1441 sudibusque
724 1392 934 1429 imitantur
955 1391 1106 1430 obustis

66 1456 310 1507 praecipites,
334 1457 560 1507 primaeque
582 1457 683 1495 mori
703 1470 774 1507 pro
795 1457 1002 1495 moenibus
1025 1457 1173 1496 ardent.
1213 1472 1260 1503 895

123 1522 273 1560 interea
294 1521 472 1560 Turnum
493 1522 532 1560 in
556 1522 664 1560 silvis
687 1523 936 1560 saevissimus
959 1522 1086 1573 inplet

66 1576 240 1635 nuntius,
265 1593 304 1626 et
324 1588 459 1626 iuveni
479 1588 680 1639 ingentem
701 1589 781 1626 fert
802 1589 907 1626 Acca
930 1588 1148 1627 tumultum
1165 1605 1173 1628 ;

65 1653 214 1692 deletas
235 1653 468 1692 Volscorum
489 1654 600 1701 acies,
625 1654 810 1693 cecidisse
833 1654 1053 1702 Camillam,

65 1719 246 1771 ingruere
263 1720 442 1758 infensos
464 1720 606 1767 hostes,
633 1726 673 1759 et
694 1721 823 1758 Marte
845 1720 1016 1759 secundo

65 1786 197 1823 omnia
218 1785 459 1836 corripuisse,
483 1791 634 1824 metum
656 1786 734 1824 iam
756 1786 806 1824 ad
829 1786 984 1824 moenia
1004 1786 1107 1825 ferri.
1211 1809 1261 1833 900

65 1851 131 1890 ille
152 1851 389 1890 furens—et
410 1865 526 1890 saeva
547 1852 653 1890 Iovis
675 1853 728 1891 sic
750 1853 913 1891 numina
934 1858 1159 1903 poscunt—-

65 1916 214 1955 deserit
235 1918 411 1956 obsessos
433 1917 560 1965 colles,
585 1931 745 1957 nemora
766 1932 904 1969 aspera
924 1919 1079 1969 linquit.

65 1983 135 2021 vix
157 1996 177 2022 e
198 1988 409 2034 conspectu
431 1983 581 2022 exierat
603 1997 862 2035 campumque
884 1984 1055 2032 tenebat,

648 2060 677 2087 D
