1418 2197
474 127 704 160 AENEIDOS
729 127 815 161 LIB.
846 127 893 158 XI
1263 125 1282 159 7

91 219 289 271 primitiae
310 218 464 257 iuvenis
486 217 661 264 miserae,
683 216 856 267 bellique
878 215 1089 267 propinqui

92 286 191 324 dura
210 284 437 323 rudimenta
458 288 498 322 et
518 283 618 321 nulli
640 282 827 321 exaudita
849 281 1014 320 deorum

92 356 186 389 vota
206 363 417 401 precesque
440 363 548 388 meae
566 353 572 388 1
605 354 740 400 tuque,
764 361 787 387 ο
809 347 1056 387 sanctissima
1076 346 1260 394 coniunx,

94 417 189 456 felix
209 422 335 455 morte
356 421 434 464 tua,
459 428 587 466 neque
609 415 650 453 in
671 414 777 453 hunc
799 418 954 453 servata
975 412 1152 452 dolorem
1169 416 1176 451 1

94 487 229 522 contra
250 496 322 533 ego
342 482 514 521 vivendo
535 481 612 520 vici
633 495 720 520 mea
741 481 833 528 fata,
859 484 1056 531 superstes
1239 492 1288 517 160

93 554 281 588 restarem
301 554 348 587 ut
368 548 533 600 genitor.
596 547 745 586 Troum
766 547 869 585 socia
891 559 1000 584 arma
1021 550 1199 583 secutum

93 615 305 654 obruerent
325 614 466 653 Rutuli
488 613 601 652 telis!
632 612 806 651 animam
828 612 910 663 ipse
932 610 1140 657 dedissem,

93 686 212 732 atque
233 680 328 719 haec
349 693 492 731 pompa
510 679 672 718 domum
693 692 766 727 me,
785 691 865 717 non
887 677 1078 724 Pallanta,
1097 676 1286 715 referret!

92 760 164 786 nee
186 760 255 785 vos
276 746 482 798 arguerim,
506 745 658 793 Teucri,
680 758 752 783 nec
773 744 942 791 foedera,
967 756 1038 781 nec
1059 755 1156 793 quas

92 813 293 852 iunximus
313 811 485 862 hospitio
507 811 669 850 dextras
684 826 695 860 3
725 823 809 849 sors
831 810 906 848 ista
929 812 1108 847 senectae
1240 821 1286 852 165

93 879 227 918 debita
248 883 332 917 erat
352 883 519 919 nostrae.
579 876 686 928 quod
708 877 741 915 si
762 876 961 914 inmatura
981 873 1167 912 manebat

93 958 196 983 mors
218 950 367 992 natum,
391 944 512 982 caesis
534 943 768 982 Volscorum
788 941 948 980 milibus
971 945 1062 997 ante

93 1010 304 1050 ducentem
325 1011 366 1048 in
387 1010 546 1048 Latium
567 1010 736 1048 Teucros
758 1008 942 1047 cecidisse
964 1006 1127 1045 iuvabit.

93 1077 188 1128 quin
209 1090 282 1128 ego
302 1090 383 1115 non
404 1076 480 1114 alio
503 1075 643 1127 digner
664 1080 703 1113 te
725 1075 873 1121 funere,
895 1073 1018 1120 Palla,

93 1156 212 1194 quam
233 1143 321 1193 pius
343 1143 509 1189 Aeneas,
533 1146 573 1180 et
595 1155 713 1191 quam
734 1141 867 1191 magni
890 1140 1079 1190 Phryges,
1104 1142 1144 1177 et
1166 1151 1285 1188 quam

93 1209 367 1260 Tyrrhenique
388 1208 516 1255 duces,
542 1207 794 1258 Tyrrhenum
816 1205 1011 1245 exereitus
1033 1204 1171 1243 omnis.
1238 1226 1282 1249 171

93 1288 236 1327 magna
255 1279 417 1325 tropaea
436 1274 583 1321 ferunt,
606 1286 705 1324 quos
727 1272 797 1311 dat
818 1278 887 1311 tua
907 1271 1073 1310 dextera
1092 1270 1173 1309 leto
1188 1285 1198 1319 ;

93 1346 139 1380 tu
160 1354 315 1392 quoque
336 1354 440 1379 nune
462 1344 586 1378 stares
608 1339 778 1377 inmanis
799 1344 961 1377 truncus
983 1338 1024 1375 in
1045 1336 1174 1383 armis,

94 1412 197 1446 esset
217 1419 287 1457 par
307 1410 414 1445 aetas
435 1411 475 1444 et
496 1405 601 1444 idem
622 1405 656 1443 si
675 1405 796 1444 robur
817 1404 867 1442 ab
888 1404 1011 1451 annis,

94 1473 237 1512 Turne.
301 1472 368 1511 sed
389 1472 530 1510 infelix
551 1472 721 1509 Teucros
742 1470 838 1522 quid
860 1470 1042 1508 demoror
1063 1468 1182 1506 armis
1199 1470 1212 1506 ’.ἱ
1238 1490 1284 1513 175

93 1539 237 1588 vadite,
262 1543 302 1577 et
321 1538 417 1576 haec
438 1551 631 1576 memores
652 1537 735 1588 regi
757 1536 945 1575 mandata
965 1536 1108 1574 referte
1125 1550 1133 1573 :

94 1605 200 1657 quod
222 1605 344 1643 vitam
364 1617 496 1642 moror
517 1603 697 1650 invisam,
722 1602 902 1641 Pallante
924 1605 1140 1653 perempto,

93 1672 257 1711 dextera
278 1684 393 1709 causa
413 1675 484 1708 tua
505 1674 574 1717 est,
600 1669 777 1707 Turnum
801 1673 973 1718 natoque
995 1667 1178 1718 patrique

93 1751 212 1788 quam
233 1737 375 1776 debere
395 1735 517 1775 vides.
578 1735 729 1773 meritis
751 1739 864 1772 vacat
885 1734 947 1772 hic
968 1733 1042 1771 tibi
1064 1732 1169 1771 solus

93 1803 353 1853 fortunaeque
374 1801 492 1841 loeus.
556 1814 636 1839 non
657 1801 764 1839 vitae
786 1799 931 1851 gaudia
954 1811 1157 1849 quaero—
1238 1812 1285 1836 180

93 1881 164 1907 nec
185 1867 371 1907 fas—sed
394 1873 488 1906 nato
509 1867 648 1905 Manes
670 1866 844 1917 perferre
867 1865 940 1904 sub
962 1863 1085 1903 imos!

149 1934 305 1972 Aurora
325 1933 476 1971 interea
497 1932 650 1970 miseris
671 1931 904 1970 mortalibus
926 1930 1070 1969 almam

93 1999 289 2038 extulerat
309 1998 446 2046 lucem,
469 1998 641 2036 referens
663 2011 782 2048 opera
802 2002 922 2047 atque
943 1996 1107 2034 labores.
