1418 2197
153 108 192 138 28
508 109 542 142 P.
569 109 757 141 VERGILI
784 110 991 143 MARONIS

151 197 213 236 hic
230 211 350 246 amor,
370 198 443 237 hoc
461 199 793 238 studium—dum
811 214 918 239 sacra
935 201 1129 239 secundus
1146 201 1344 252 haruspex

151 265 319 313 nuntiet,
342 279 385 303 ac
407 265 515 303 lucos
537 271 651 304 vocet
672 266 802 305 hostia
823 267 980 319 pinguis
1001 268 1043 305 in
1064 266 1188 306 altos.'
1296 290 1345 313 740

150 330 245 369 haec
267 332 407 370 effatus
430 345 576 382 equum
597 332 638 370 in
659 332 810 371 medios
831 334 1045 372 moriturus
1068 338 1108 371 et
1129 333 1209 384 ipse

151 397 333 445 concitat,
359 402 399 435 et
420 398 577 436 Venulo
599 398 806 437 adversum
829 413 869 438 se
891 400 1075 438 turbidus
1096 399 1227 447 infert,

149 462 438 514 dereptumque
460 464 509 502 ab
532 477 632 514 equo
655 464 797 503 dextra
817 465 1092 516 complectitur
1112 465 1278 514 hostem,
1299 467 1302 474 '
1372 467 1373 470 ’

150 534 190 566 et
211 531 407 579 gremium
428 535 519 568 ante
542 543 654 568 suum
676 530 804 568 multa
824 531 864 569 vi
886 531 1060 573 concitus
1075 531 1222 585 aufert.
1238 514 1295 561 -μ
1311 528 1343 586 ss,

1314 584 1335 605 ,i
1346 584 1349 585 γ

148 595 304 633 tollitur
325 595 365 633 in
388 596 539 634 caelum
561 596 715 643 clamor,
742 597 949 647 cunctique
971 597 1106 635 Latini
1293 590 1341 643 §⁴²35

149 666 377 699 convertere
399 662 542 700 oculos.
607 662 715 700 volat
736 663 874 713 igneus
896 676 1064 714 aequore
1086 663 1276 710 Tarchon,

148 740 258 765 arma
277 727 487 778 virumque
508 728 637 766 ferens
652 743 662 776 ;
692 734 778 766 tum
801 742 953 767 summa
974 730 1097 779 ipsius
1118 729 1168 768 ab
1188 729 1303 768 hasta

147 793 340 844 defringit
361 793 519 841 ferrum,
545 799 584 833 et
606 799 736 845 partes
757 795 924 833 rimatur
945 800 1110 846 apertas,

147 873 225 910 qua
245 860 390 898 vulnus
412 860 528 899 letale
549 861 653 899 ferat
666 876 677 909 3
710 866 847 900 contra
868 861 931 900 ille
953 875 1178 913 repugnans

147 926 316 965 sustinet
337 940 359 964 a
379 926 513 978 iugulo
536 927 728 975 dextram,
752 932 792 966 et
812 928 895 965 vim
917 928 1066 967 viribus
1088 929 1181 967 exit.
1290 951 1340 974 750

146 997 281 1043 utque·
291 992 428 1031 volans
450 984 528 1030 alte
550 982 820 1043 raptunffifim
841 994 950 1032 fulva
972 994 1184 1033 draconem

146 1058 224 1096 fert
245 1059 386 1110 aquila,
406 1059 667 1110 inplicuitque
688 1060 818 1110 pedes,
837 1066 956 1112 atque
972 1061 1170 1112 unguibus
1186 1061 1315 1100 haesit
1328 1076 1339 1110 3

146 1125 299 1163 saucius
322 1130 364 1163 at
385 1138 545 1176 serpens
567 1126 725 1164 sinuosa
745 1126 947 1165 volumina
968 1131 1110 1174 versat,

145 1191 385 1242 arrectisque
406 1191 542 1230 horret
563 1193 747 1242 squamis,
772 1197 813 1231 et
834 1193 968 1232 sibilat
988 1206 1063 1241 ore,

145 1257 292 1296 arduus
313 1257 521 1308 insurgens
536 1273 546 1306 ,-
578 1258 645 1295 illa
667 1258 772 1296 haud
793 1259 923 1297 minus
944 1263 1088 1309 urguet
1109 1259 1262 1298 obunco
1288 1281 1336 1305 755

144 1323 362 1362 luctantem
383 1328 511 1362 rostro
526 1338 536 1372 3
567 1324 685 1362 simul
706 1325 866 1363 aethera
886 1325 1068 1364 verberat
1088 1325 1159 1364 alis
1177 1341 1184 1364 :

145 1389 251 1428 haud
273 1389 390 1428 aliter
409 1390 597 1440 praedam
618 1390 827 1429 Tiburtum
849 1404 899 1430 ex
920 1392 1075 1443 agmine
1096 1391 1277 1430 Tarchon

144 1461 280 1507 portat
302 1469 434 1495 ovans.
497 1456 607 1495 ducis
629 1457 854 1508 exemplum
877 1463 1142 1508 eventumque
1163 1458 1288 1496 secuti

143 1521 379 1560 Maeonidae
400 1522 617 1560 incurrunt.
681 1527 767 1561 tum
787 1523 880 1561 fatis
900 1523 1059 1562 debitus
1080 1522 1235 1562 Arruns

143 1588 315 1626 velocem
338 1587 466 1626 iaculo
487 1593 527 1626 et
547 1588 674 1626 multa
693 1589 802 1639 prior
822 1594 906 1627 arte
929 1588 1136 1627 Camillam
1286 1604 1336 1635 760

143 1654 291 1701 circuit,
317 1660 366 1701 et,
391 1667 491 1705 quae
513 1654 564 1692 sit
584 1654 744 1693 fortuna
764 1655 961 1703 facillima,
983 1660 1163 1706 temptat.

142 1733 220 1771 qua
241 1734 281 1758 se
302 1734 467 1771 cumque
488 1720 622 1759 furens
643 1721 773 1759 medio
795 1721 888 1759 tulit
909 1722 1064 1773 agmine
1085 1722 1207 1772 virgo,

143 1786 214 1824 hac
235 1786 390 1824 Arruns
412 1786 529 1834 subit,
553 1791 594 1824 et
615 1787 757 1825 tacitus
779 1787 947 1838 vestigia
967 1787 1136 1836 lustrat3

143 1866 221 1903 qua
241 1852 387 1890 victrix
408 1852 512 1890 redit
531 1852 600 1890 illa
620 1853 838 1903 pedemque
861 1867 910 1891 ex
931 1853 1044 1892 hoste
1065 1858 1251 1905 reportat,

142 1918 215 1956 hac
235 1919 389 1957 iuvenis
411 1918 551 1956 furtim
571 1917 715 1957 celeres
737 1919 948 1970 detorquet
968 1919 1152 1959 habenas
1283 1935 1332 1967 765

142 1984 213 2022 hos
235 1984 376 2032 aditus,
400 1984 556 2035 iamque
578 1983 650 2023 hos
672 1983 814 2032 aditus,
839 1997 1073 2036 omnemque
1094 1990 1271 2037 pererrat
