1418 2197
113 145 153 174 24
465 143 500 177 Ρ.
529 143 716 175 VERGILI
742 143 948 175 MARONIS

111 232 171 271 bis
191 232 328 271 reiecti
349 232 466 271 armis
488 237 713 283 respectant
735 238 844 283 terga
865 237 1053 284 tegentes.
1257 248 1307 279 630

111 299 230 337 tertia
252 298 321 338 sed
342 304 553 350 postquam
575 299 771 350 congressi
793 299 833 337 in
855 299 1002 349 proelia
1023 302 1128 337 totas

111 365 326 416 inplicuere
347 366 452 403 inter
474 377 514 403 se
536 365 647 412 acies,
671 365 845 416 legitque
866 365 996 403 virum
1017 365 1101 404 vir:

110 436 198 469 tum
219 444 312 469 vero
334 435 374 469 et
394 431 565 481 gemitus
586 431 824 469 morientum
846 436 886 469 et
907 431 1096 481 sanguine
1118 431 1160 469 in
1181 431 1262 470 alto

110 510 297 548 armaque
318 510 557 547 corporaque
580 502 620 535 et
639 497 828 547 permixti
851 497 967 536 caede
990 497 1164 536 virorum

111 563 360 602 semianimes
382 563 599 601 volvuntur
621 564 711 614 equi
728 579 738 612 3
769 577 902 615 pugna
923 577 1061 613 aspera
1081 563 1217 614 surgit.
1256 578 1304 609 635

68 630 76 633 “
95 629 339 669 *Orsilochus
362 629 531 677 Remuli,
555 629 715 680 quando
737 630 867 680 ipsum
888 629 1075 667 horrebat
1096 629 1215 677 adire,

111 696 266 734 hastam
288 696 448 734 intorsit
470 709 581 746 equo,
606 695 832 746 ferrumque
854 696 927 734 sub
948 709 1040 734 aure
1061 695 1223 746 reliquit
1236 711 1247 744 3

111 775 190 813 quo
212 763 367 813 sonipes
389 762 468 800 ictu
491 762 589 800 furit
610 761 767 809 arduus,
792 762 950 812 altaque
971 762 1108 800 iactat·

111 828 286 867 vulneris
307 828 506 878 inpatiens
527 832 678 866 arrecto
700 833 858 878 pectore
880 817 1005 866 crura,

112 894 287 933 volvitur
306 894 373 933 ille
395 907 581 932 excussus
602 894 722 933 humi.
785 894 952 933 Catillus
974 895 1101 933 Iollan
1257 909 1307 939 640

112 962 392 1012 ingentemque
414 961 554 998 animis
575 960 778 1011 ingentem
800 974 961 1011 corpore
983 966 1023 999 et
1044 960 1162 999 armis

112 1027 233 1066 deicit
254 1027 518 1074 Herminium,
542 1026 650 1065 nudo
672 1027 734 1065 cui
755 1027 903 1065 vertice
924 1026 1035 1065 fulva

113 1093 301 1132 caesaries
322 1092 498 1143 nudique
520 1093 647 1131 umeri
663 1108 673 1142 3
704 1106 774 1131 nec
796 1093 960 1131 vulnera
980 1097 1132 1131 terrent
1147 1108 1157 1142 ;

113 1165 250 1198 tantus
272 1159 312 1197 in
333 1172 443 1197 arma
464 1163 584 1209 patet.
649 1159 750 1197 latos
772 1158 862 1197 huic
883 1158 997 1197 hasta
1017 1172 1087 1210 per
1108 1172 1236 1198 armos

114 1230 201 1264 acta
222 1225 356 1264 tremit
377 1225 633 1276 duplicatque
655 1225 783 1263 virum
806 1225 996 1263 transfixa
1017 1225 1161 1264 dolore.
1257 1240 1305 1271 645

113 1291 296 1330 funditur
316 1296 400 1329 ater
420 1291 567 1342 ubique
589 1304 702 1329 cruor
721 1307 730 1339 3
762 1291 859 1329 dant
879 1291 1018 1330 funera
1038 1291 1142 1330 ferro

115 1362 309 1396 certantes
330 1357 614 1408 pulchramque
635 1362 780 1408 petunt
801 1371 871 1408 per
890 1357 1055 1396 vulnera
1075 1363 1254 1396 mortem.

172 1428 214 1462 at
235 1423 383 1462 medias
404 1423 508 1462 inter
530 1423 666 1462 caedes
688 1424 862 1462 exsultat
883 1423 1071 1472 Amazon,
1195 1414 1201 1418 ⁵

115 1503 237 1528 unum
260 1494 415 1528 exserta
430 1489 534 1528 latus
555 1502 722 1540 pugnae,
745 1490 974 1540 pharetrata
996 1490 1187 1539 Camilla,

116 1561 157 1595 et
177 1569 281 1594 nunc
301 1555 410 1594 lenta
431 1569 551 1594 manu
573 1569 758 1606 spargens
781 1555 938 1594 hastilia
959 1556 1108 1604 denset,
1257 1571 1307 1602 650

115 1636 220 1661 nunc
241 1622 413 1660 validam
436 1622 578 1660 dextra
598 1622 703 1672 rapit
724 1621 920 1661 indefessa
940 1623 1148 1673 bipennem
1169 1638 1179 1671 3
1286 1624 1289 1625 ⁷

116 1702 257 1727 aureus
280 1702 329 1727 ex
351 1701 485 1726 umero
507 1693 622 1727 sonat
643 1702 752 1727 arcus
774 1693 814 1727 et
835 1702 943 1726 arma
963 1688 1125 1727 Dianae.

116 1754 184 1793 illa
206 1754 334 1802 etiam,
361 1754 392 1792 si
409 1754 568 1805 quando
590 1755 630 1792 in
652 1758 807 1805 tergum
828 1754 942 1805 pulsa
962 1755 1131 1802 recessit,

117 1821 267 1872 spicula
287 1834 475 1859 converso
497 1820 690 1872 fugientia
711 1820 855 1871 derigit
876 1833 976 1859 arcu.

116 1893 158 1925 at
179 1888 324 1926 circum
345 1887 468 1926 lectae
491 1887 662 1934 comites,
686 1886 908 1937 Larinaque
930 1887 1041 1938 virgo
1258 1901 1306 1932 655

117 1953 310 2004 Tullaque
333 1958 373 1991 et
393 1958 566 1991 aeratam
588 1953 770 2003 quatiens
791 1952 960 2004 Tarpeia
980 1952 1157 2000 securim,

117 2019 291 2067 Italides,
312 2033 407 2069 quas
429 2019 514 2072 ipsa
534 2018 653 2057 decus
675 2019 748 2057 sibi
770 2018 835 2057 dia
857 2018 1023 2057 Camilla
