1418 2197
109 959 130 975 ‘C

496 136 728 169 AENEIDOS
753 136 838 168 LIB.
867 137 914 167 XI
1257 139 1295 168 21

149 230 190 265 et
210 225 446 265 circumfuso
467 225 689 264 volitabant
711 225 836 263 milite
859 225 1002 264 Volsci.

149 306 246 340 eece,
269 293 385 343 fugae
407 291 537 330 medio
559 292 720 330 summis
742 291 964 330 Amasenus
986 291 1192 330 abundans

147 358 357 410 spumabat
378 358 474 408 ripis
488 373 499 406 3
530 362 666 396 tantus
688 371 728 396 se
749 358 919 396 nubibus
941 358 1066 396 imber

147 429 317 475 ruperat.
381 424 457 471 ille,
481 424 618 462 innare
639 437 792 475 parans,
817 424 979 462 infantis
1001 437 1133 462 amore

147 490 338 538 tardatur,
363 503 530 540 caroque
553 490 661 528 oneri
683 491 807 528 timet.
871 491 1003 529 omnia
1024 504 1155 529 secum
1252 512 1299 535 550

147 556 321 595 versanti
343 556 474 595 subito
496 557 565 594 vix
586 556 682 595 haec
705 557 902 595 sententia
924 556 1048 595 sedit:

149 622 272 661 telum
291 622 458 670 inmane,
483 636 602 661 manu
625 623 756 661 valida
779 623 885 674 quod
905 623 1008 661 forte
1030 623 1193 673 gerebat

147 689 325 736 bellator,
350 688 520 727 solidum
541 689 654 727 nodis
678 695 717 727 et
737 689 877 727 robore
900 694 1019 735 cocto,

147 755 239 793 huic
259 759 403 802 natam,
427 754 528 793 libro
550 759 590 793 et
612 754 785 793 silvestri
808 755 946 793 subere
969 755 1151 802 clausam,

147 821 321 872 inplicat,
336 826 455 871 atque
472 820 644 859 habilem
661 821 815 859 mediae
834 821 1079 871 circumligat
1098 821 1243 868 hastae,
1253 843 1300 865 555

149 903 267 940 quam
287 889 430 928 dextra
450 889 603 940 ingenti
624 889 773 928 librans
795 890 852 928 ita
873 889 924 928 ad
947 889 1108 928 aethera
1129 890 1258 928 fatur:

148 955 259 1004 alma,
283 955 357 993 tibi
377 955 488 1003 hane,
512 968 718 994 nemorum
741 956 898 1004 cultrix,
925 955 1094 994 Latonia
1115 955 1237 1006 virgo,

148 1022 230 1072 ipse
250 1027 365 1073 pater
384 1021 573 1059 famulam
594 1035 718 1060 voveo
734 1037 744 1070 5
775 1027 845 1060 tua
866 1023 994 1072 prima
1017 1035 1087 1072 per
1108 1035 1224 1061 auras

147 1088 227 1126 tela
248 1095 386 1126 tenens
407 1087 576 1138 supplex
596 1087 752 1126 hostem
774 1088 886 1139 fugit.
952 1088 1094 1138 accipe,
1120 1093 1254 1136 testor,
1290 1093 1292 1095 '

148 1154 251 1202 diva,
267 1159 387 1201 tuam,
409 1167 510 1204 quae
531 1167 636 1192 nunc
657 1153 788 1193 dubiis
811 1155 1075 1193 committitur
1097 1153 1237 1193 auris.''
1253 1169 1302 1199 560

147 1219 261 1267 dixit,
285 1224 326 1258 et
346 1219 517 1258 adducto
540 1224 766 1258 contortum
788 1220 931 1258 hastile
953 1220 1100 1259 lacerto

148 1286 339 1325 inmittit:
371 1299 534 1324 sonuere
555 1286 684 1325 undae
701 1301 712 1334 3
742 1286 927 1337 rapidum
950 1300 1066 1337 super
1088 1300 1246 1325 amnem

148 1351 289 1390 infelix
308 1351 413 1402 fugit
433 1351 474 1389 in
495 1351 623 1390 iaculo
645 1352 839 1391 stridente
862 1352 1037 1391 Camilla.

148 1422 191 1456 at
211 1417 404 1465 Metabus,
429 1431 572 1469 magna
593 1419 755 1469 propius
775 1418 855 1457 iam
876 1424 1072 1470 urguente
1095 1424 1264 1466 caterva,

148 1483 219 1522 dat
239 1497 322 1522 sese
345 1483 478 1532 fluvio,
502 1489 621 1535 atque
642 1484 798 1523 hastam
821 1499 909 1523 eum
929 1486 1082 1536 virgine
1103 1486 1230 1524 vietor
1254 1501 1301 1531 565

149 1550 350 1601 gramineo
371 1548 521 1588 donum
543 1550 700 1589 Triviae
723 1550 771 1589 de
794 1551 966 1602 caespite
988 1551 1109 1589 vellit.

149 1629 229 1654 non
249 1615 363 1653 illum
384 1616 498 1653 tectis
519 1615 634 1663 ullae,
657 1630 736 1654 non
758 1617 964 1655 moenibus
985 1618 1102 1656 urbes

147 1694 340 1732 accepere,
365 1694 492 1731 neque
514 1682 596 1732 ipse
617 1695 756 1721 manus
777 1683 936 1723 feritate
959 1684 1159 1732 dedisset3

149 1752 353 1798 pastorum
375 1751 415 1785 et
436 1747 527 1785 solis
550 1748 683 1799 exegit
704 1749 906 1788 montibus
928 1763 1080 1788 aevum.

149 1813 212 1851 hic
233 1818 367 1851 natam
389 1813 429 1850 in
451 1813 580 1851 dumis
601 1814 783 1865 interque
805 1816 1009 1854 horrentia
1030 1816 1155 1855 lustra
1253 1839 1302 1862 570

150 1879 375 1917 armentalis
396 1892 520 1929 equae
541 1881 722 1918 mammis
744 1886 784 1919 et
806 1881 906 1920 lacte
928 1882 1055 1921 ferino

149 1945 337 1993 nutribat,
361 1945 506 1984 teneris
528 1945 750 1998 inmulgens
772 1948 894 1986 ubera
915 1948 1045 1987 labris.

149 2016 273 2062 utque
294 2011 436 2062 pedum
460 2012 598 2062 primis
620 2012 751 2052 infans
773 2015 940 2066 vestigia
961 2015 1108 2066 plantis
