1418 2197
109 131 150 161 12
468 131 504 164 Ρ.
531 131 718 164 VERGILI
745 132 951 165 MARONIS

165 221 234 258 vix
255 235 300 259 ea
320 220 441 272 legati
456 236 466 269 3
495 221 706 272 variusque
727 235 797 272 per
819 236 887 262 ora
903 222 1076 261 cucurrit

107 287 359 325 Ausonidum
380 287 540 326 turbata
561 287 730 327 fremor:
765 301 835 327 ceu
856 302 950 327 saxa
971 293 1177 328 morantur

107 366 198 392 cum
217 353 376 404 rapidos
397 367 543 402 amnes,
566 355 611 393 fit
633 354 763 393 clauso
785 356 942 406 gurgite
965 368 1152 404 murmur,

107 418 335 470 vicinaeque
357 419 531 458 fremunt
551 420 660 471 ripae
682 421 968 471 crepitantibus
990 420 1116 460 undis.

108 488 154 522 ut
174 484 347 535 primum
368 485 512 535 placati
534 486 665 534 animi,
689 490 729 524 et
751 486 907 536 trepida
928 499 996 525 ora
1017 486 1213 537 quierunt,
1255 509 1304 533 300

107 550 310 602 praefatus
332 550 444 589 divos
466 550 563 590 solio
584 564 656 590 rex
677 551 767 589 infit
788 552 837 590 ab
858 551 961 591 alto:

167 619 176 637 ‘
189 622 281 656 ante
303 617 487 668 equidem
510 631 664 656 summa
685 617 733 657 de
755 631 797 657 re
819 618 1013 666 statuisse,
1036 618 1181 667 Latini,

109 688 149 722 et
170 683 312 722 vellem
332 688 372 722 et
393 684 523 723 fuerat
544 684 684 723 melius
701 699 711 732 3
742 698 822 723 non
843 689 1020 735 tempore
1042 684 1113 723 tali

109 763 246 800 cogere
267 750 486 798 concilium,
511 763 600 789 cum
621 764 754 789 muros
776 750 931 789 adsidet
952 750 1087 789 hostis.

108 816 258 855 bellum
279 816 548 867 inportunum,
574 817 690 865 cives,
715 831 803 855 cum
824 821 942 868 gente
963 816 1129 855 deorum
1257 838 1304 863 305

109 882 346 934 invictisque
368 883 463 921 viris
485 883 667 934 gerimus,
692 896 790 934 quos
812 883 921 921 nulla
942 883 1114 934 fatigant

109 948 267 999 proelia,
293 962 363 988 nec
385 949 481 988 victi
502 955 670 1001 possunt
692 950 880 988 absistere
902 949 1017 989 ferro.

111 1028 220 1066 spem
243 1015 274 1053 si
297 1028 416 1066 quam
437 1015 596 1055 adscitis
619 1015 807 1055 Aetolum
829 1015 1022 1059 habuistis
1043 1015 1084 1054 in
1106 1016 1234 1064 armis,

110 1081 255 1132 ponite.
318 1095 405 1132 spes
437 1081 511 1121 sibi
539 1082 705 1134 quisque
720 1097 730 1131 3
770 1082 839 1121 sed
868 1082 962 1121 haec
990 1095 1109 1133 quam
1137 1087 1306 1133 angusta

225 1147 380 1186 videtis.

111 1217 241 1252 cetera
262 1227 340 1264 qua
360 1227 492 1252 rerum
513 1215 666 1253 iaceant
686 1214 866 1266 perculsa
887 1214 1010 1262 ruina,
1259 1237 1308 1260 310

111 1283 203 1318 ante
225 1280 356 1319 oculos
377 1279 560 1331 interque
581 1293 721 1319 manus
744 1285 836 1319 sunt
857 1281 988 1319 omnia
1010 1284 1171 1319 vestras

111 1359 183 1385 nec
205 1359 442 1397 quemquam
463 1346 599 1385 incuso
616 1363 622 1386 :
656 1347 788 1398 potuit
809 1361 909 1398 quae
929 1346 1101 1399 plurima
1122 1346 1250 1386 virtus

113 1426 206 1460 esse,
228 1412 315 1451 fuit.
378 1417 465 1451 toto
487 1418 682 1452 certatum
704 1418 764 1452 est
785 1427 945 1464 corpore
967 1413 1088 1465 regni.

113 1492 217 1517 nunc
239 1478 349 1526 adeo,
372 1491 472 1529 quae
494 1478 546 1517 sit
567 1478 710 1517 dubiae
732 1479 929 1518 sententia
949 1478 1085 1526 menti,

114 1545 323 1596 expediam
344 1549 385 1584 et
405 1545 753 1596 paucis—animos
775 1544 1179 1600 adhibete—docebo.
1259 1567 1307 1591 315

114 1616 175 1651 est
195 1611 381 1662 antiquus
402 1625 496 1664 ager
517 1611 645 1651 Tusco
667 1612 765 1650 mihi
787 1612 990 1663 proximus
1011 1611 1130 1660 amni,

114 1678 255 1729 longus
276 1678 317 1716 in
339 1691 527 1726 occasum,
551 1679 647 1716 fines
669 1691 786 1729 super
806 1690 929 1728 usque
952 1677 1137 1726 Sicanos3

115 1743 295 1782 Aurunci
316 1744 535 1795 Rutulique
557 1749 702 1791 serunt,
727 1748 768 1782 et
788 1756 946 1783 vomere
967 1743 1087 1782 duros

116 1815 301 1849 exercent
323 1810 450 1858 colles,
475 1815 594 1861 atque
616 1809 757 1848 horum
779 1809 994 1860 asperrima
1014 1812 1190 1860 pascunt.

116 1877 212 1916 haec
233 1877 359 1916 omnis
380 1877 498 1928 regio,
522 1880 563 1914 et
583 1875 675 1915 celsi
696 1875 812 1927 plaga
832 1875 949 1926 pinea
970 1875 1127 1924 montis,
1261 1896 1310 1921 320

117 1943 231 1982 cedat
251 1943 447 1982 amicitiae
468 1942 709 1981 Teucrorum
725 1957 735 1991 3
767 1946 807 1981 et
828 1941 998 1980 foederis
1020 1954 1162 1992 aequas

117 2009 293 2048 dicamus
314 2010 430 2061 legeS,
455 2008 658 2059 sociosque
680 2008 721 2046 in
742 2021 863 2059 regna
884 2020 1066 2047 vocemus
1081 2021 1092 2055 3
