1418 2197
138 106 178 136 32
491 105 526 139 P.
557 104 743 136 VERGILI
769 104 977 137 MARONIS

167 200 292 233 morte
314 194 397 233 luet
419 194 583 233 merita?
643 194 722 232 fuit
744 195 883 246 ingens
905 198 1040 233 monte
1061 194 1135 233 sub
1155 194 1236 233 alto

165 261 267 312 regis
289 261 486 299 Dercenni
509 266 666 299 terreno
688 274 737 299 ex
759 275 900 312 aggere
922 261 1083 299 bustum
1283 275 1333 306 850

164 329 317 378 antiqui
338 328 546 366 Laurentis
570 341 768 379 opacaque
789 327 876 366 ilice
899 333 1049 366 tectum
1066 343 1077 376 3

165 394 227 432 hic
249 394 322 432 dea
343 407 383 432 se
406 394 577 444 primum
598 394 736 444 rapido
758 393 1022 444 pulcherrima
1043 394 1132 431 nisu

166 461 269 499 sistit
292 465 332 499 et
353 460 571 498 Arruntem
592 460 747 498 tumulo
770 460 994 511 speculatur
1014 461 1063 498 ab
1085 460 1176 498 alto.

165 532 209 564 ut
230 526 333 564 vidit
356 526 574 577 fulgentem
595 526 713 564 armis
736 539 779 564 ac
800 540 902 565 vana
923 531 1155 574 tumentem,

164 591 255 639 cur,’
277 592 417 642 inquit,
447 595 455 611 ‘
470 592 648 630 diversus
671 591 753 629 abis
772 593 784 630 2
815 591 890 630 huc
912 591 1045 642 derige
1066 605 1256 642 gressum,
1283 605 1332 636 855

165 659 240 696 huc
261 658 436 709 periture
459 658 559 704 veni,
585 658 713 708 capias
735 663 781 695 ut
802 657 923 708 digna
945 657 1133 697 Camillae

165 725 347 776 praemia.
410 729 507 763 tune
530 725 649 763 etiam
671 724 760 762 telis
784 724 946 762 moriere
968 724 1120 762 Dianae
1135 722 1168 761 2'

165 791 277 838 dixit,
303 796 342 829 et
363 796 501 829 aurata
524 790 720 829 volucrem
745 790 929 828 Threissa
950 790 1134 841 sagittam

164 858 409 909 deprompsit
432 858 627 908 pharetra,
652 870 851 907 cornuque
873 857 1027 895 infensa
1042 856 1224 904 tetendit,

166 930 206 963 et
226 924 344 962 duxit
366 925 490 975 longe,
517 924 640 962 donec
662 929 826 962 curvata
847 928 999 961 coirent
1284 937 1334 960 860

164 991 268 1029 inter
290 1003 329 1029 se
353 990 491 1041 capita,
518 995 558 1028 et
578 990 761 1028 manibus
783 990 861 1027 iam
882 993 1064 1039 tangeret
1085 988 1228 1039 aequis,

165 1057 277 1095 laeva
299 1057 421 1095 aciem
444 1056 549 1104 ferri,
573 1056 715 1094 (lextra
736 1068 937 1106 nervoque
959 1054 1156 1106 papillam.

165 1123 363 1173 extemplo
380 1123 450 1161 teli
472 1122 682 1161 stridorem
703 1135 896 1173 aurasque
919 1126 1103 1160 sonantes

165 1190 293 1228 audiit
314 1203 392 1227 una
415 1189 579 1237 Arruns,
605 1189 810 1239 haesitque
832 1189 874 1226 in
895 1201 1056 1239 corpore
1076 1187 1233 1225 ferrum.

164 1256 277 1294 illum
299 1256 566 1306 exspirantem
589 1256 683 1293 socii
704 1261 824 1305 atque
846 1260 1024 1293 extrema
1043 1259 1266 1305 gementem
1284 1267 1333 1298 865

165 1322 279 1361 obliti
300 1322 436 1373 ignoto
459 1335 686 1372 camporum
707 1321 748 1359 in
769 1321 932 1372 pulvere
953 1321 1165 1371 linquunt3

166 1388 261 1439 Opis
283 1388 334 1426 ad
355 1388 577 1426 aetherium
599 1388 731 1438 pinnis
753 1387 933 1426 aufertur
955 1386 1180 1437 Olympum.
1234 1373 1238 1377 ⁴

223 1454 349 1505 prima
371 1454 483 1505 fugit,
509 1454 669 1492 domina
690 1454 842 1501 amissa,
866 1453 964 1492 levis
981 1452 1043 1490 ala
1065 1451 1253 1491 Camillae
1268 1466 1279 1500 3

166 1521 315 1559 turbati
338 1521 496 1572 fugiunt
517 1520 667 1568 Rutuli,
692 1520 795 1571 fugit
815 1533 902 1558 acer
922 1518 1076 1566 Atinas,

166 1587 399 1637 disiectique
421 1587 540 1625 duces
562 1586 808 1637 desolatique
830 1585 995 1636 manipli
1285 1598 1334 1629 870

167 1658 256 1691 tuta
277 1658 430 1704 petunt,
456 1658 496 1691 et
517 1653 628 1703 equis
650 1652 777 1691 aversi
799 1651 849 1690 ad
870 1651 1026 1689 moenia
1046 1649 1230 1689 tendunt.

166 1733 237 1758 nec
260 1719 470 1770 quisquam
491 1719 685 1757 instantes
706 1718 878 1756 Teucros
899 1717 1101 1767 letumque
1123 1717 1294 1755 ferentes

168 1790 391 1825 sustentare
412 1786 518 1824 valet
539 1785 639 1832 telis,
664 1791 733 1823 aut
754 1785 892 1823 sistere
914 1789 1050 1822 contra
1064 1798 1074 1831 3

169 1852 237 1890 sed
259 1851 368 1890 laxos
388 1851 568 1900 ¹referunt
589 1851 733 1889 umeris
754 1850 1177 1915 languentibuguarcua

169 1914 550 1973 quadrupedumque
575 1909 734 1968 putrem
763 1907 879 1955 cursil
907 1898 1037 1967 quasti-t
1060 1915 1208 1966 ungula
1234 1916 1332 1970 cam-

284 1976 389 2034 pum.
836 1970 849 2018 ᾗ,
1283 1994 1330 2025 875
