1418 2197
98 134 138 164 22
446 135 481 167 P.
510 135 696 168 VERGILI
722 137 932 170 MARONIS

98 223 309 270 institerat,
331 224 458 263 iaculo
479 224 629 275 palmas
651 226 820 265 armavit
841 232 967 274 acuto,

98 291 326 342 spiculaque
348 305 398 329 ex
418 304 556 329 umero
578 305 722 342 parvae
744 294 951 344 suspendit
971 297 1012 332 et
1033 306 1176 332 arcum.
1240 316 1287 339 575

97 369 168 407 pro
190 357 327 394 crinali
348 370 455 404 aurO,
479 370 551 407 pro
571 357 711 408 longae
732 359 904 410 tegmine
925 359 1064 411 pallae,

97 421 253 473 tigridis
275 423 441 461 exuviae
462 435 533 473 per
554 423 715 462 dorsum
737 438 759 462 a
781 425 928 464 vertice
950 425 1136 476 pendent.

97 488 177 526 tela
198 501 318 526 manu
339 488 418 527 iam
439 494 526 527 tum
547 494 684 528 tenera
704 490 871 540 puerilia
891 491 1017 539 torsit,

97 559 136 593 et
157 554 323 593 fundam
345 555 463 593 tereti
485 556 630 594 circum
652 561 770 607 caput
791 557 872 608 egit
893 557 1056 606 habena,

98 620 444 671 Strymoniamque
465 634 604 672 gruem
625 626 696 661 aut
717 622 850 661 album
871 623 1013 662 deiecit
1035 623 1190 662 olorem.
1241 638 1289 669 580

95 686 244 725 multae
265 687 373 725 illam
394 687 542 726 frustra
563 687 769 738 Tyrrhena
790 702 860 740 per
881 689 1027 740 oppida
1047 694 1192 728 matres

95 756 280 803 optavere
302 767 445 791 nurum
461 769 470 801 3
501 754 584 792 sola
605 759 791 793 contenta
812 755 951 803 Diana,

95 823 302 858 aeternum
323 819 493 858 telorum
514 825 554 859 et
575 821 815 871 virginitatis
837 835 1010 861 amorem

94 885 332 924 intemerata
352 886 454 925 colit.
519 886 663 925 vellem
684 886 792 926 haud
814 893 994 939 correpta
1015 888 1154 927 fuisset

95 951 238 990 militia
258 952 340 1000 tali,
364 957 506 991 conata
526 952 716 992 lacessere
738 953 909 993 Teucros
925 969 936 1003 3
1240 968 1288 1000 585

93 1031 183 1056 cara
203 1017 300 1055 mihi
323 1018 591 1068 comitumque
613 1018 717 1057 foret
738 1033 842 1057 nunc
863 1033 942 1057 una
962 1033 1150 1059 mearum.

93 1097 231 1121 verum
253 1097 334 1134 age,
359 1084 683 1135 quandoquidem
705 1085 798 1124 satis
820 1091 1012 1137 urguetur
1033 1086 1192 1135 acerbis,

93 1149 233 1197 labere,
259 1149 458 1200 Nympha,
482 1150 585 1201 polo,
607 1151 781 1202 finesque
802 1152 927 1191 invise
949 1152 1121 1201 Latinos,

93 1216 218 1254 tristis
241 1216 308 1254 ubi
329 1216 504 1255 infausto
527 1217 790 1256 committitur
813 1219 946 1257 omine
968 1198 1111 1271 puxgna.

93 1282 187 1321 haec
205 1295 308 1332 cape,
328 1287 368 1320 et
385 1283 566 1321 ultricem
587 1284 774 1334 pharetra
796 1285 984 1335 deprome
1007 1286 1192 1337 sagittam
1209 1301 1216 1325 ε
1238 1308 1288 1333 590

93 1348 174 1396 hac,
201 1349 437 1399 quicumque
460 1363 612 1388 sacrum
635 1351 794 1389 violarit
814 1351 977 1391 vulnere
999 1366 1150 1403 corpus,

92 1414 190 1453 Tros
213 1415 398 1463 Italusve‚
421 1416 518 1454 mihi
540 1417 689 1466 pariter
711 1417 780 1456 det
802 1417 990 1469 sanguine
1011 1432 1168 1469 poenas.

91 1485 183 1532 post
203 1494 274 1532 ego
296 1481 400 1520 nube
423 1496 517 1520 cava
540 1483 785 1522 miserandae
807 1497 946 1535 corpus
968 1489 1009 1523 et
1029 1498 1139 1524 arma

91 1547 303 1598 inspoliata
323 1548 449 1586 feram
470 1541 634 1597 tumulo,
658 1550 887 1601 patriaeque
909 1551 1119 1602 reponam.⁷

91 1613 195 1652 dixit
210 1629 221 1662 3
250 1619 292 1652 at
313 1614 381 1652 illa
403 1614 508 1653 leves
531 1615 626 1654 caeli
650 1615 809 1667 delapsa
829 1630 899 1667 per
920 1630 1035 1656 auras
1237 1640 1286 1665 595

92 1680 278 1728 insonuit,
303 1682 417 1732 nigro
442 1682 683 1721 circumdata
703 1683 862 1721 turbine
883 1696 1035 1734 corpus.

151 1751 191 1785 at
213 1761 351 1787 manus
375 1749 525 1787 interea
546 1749 669 1787 muris
691 1749 862 1788 Troiana
882 1750 1122 1801 propinquat

93 1814 325 1865 Etruscique
348 1815 468 1854 duces
489 1815 745 1866 equitumque
768 1816 964 1854 exercitus
985 1816 1121 1864 omnis,

93 1881 300 1931 compositi
324 1894 487 1920 numero
508 1881 550 1919 in
571 1885 729 1919 turmas.
793 1881 928 1919 fremit
948 1895 1118 1932 aequore
1137 1886 1225 1921 toto

93 1946 288 1984 insultans
311 1947 477 1998 sonipes
503 1951 543 1986 et
564 1947 706 1998 pressis
728 1952 880 1998 pugnat
900 1947 1063 1986 habenis
1239 1963 1290 1987 600
1314 1990 1322 1999 ,

94 2011 169 2050 huc
192 2013 380 2052 obversus
403 2018 442 2052 et
464 2013 564 2062 huc3
595 2018 682 2051 tum
703 2013 780 2052 late
803 2013 951 2052 ferreus
972 2014 1098 2053 hastis
