1418 2197
479 125 515 157 P„
544 125 732 157 VERGILI
758 126 966 158 MARONIS

150 228 260 253 arma
279 220 416 266 parate
438 214 591 263 animis,
615 219 656 253 et
677 228 745 266 spe
766 216 1003 266 praesumite
1024 216 1183 265 bellum,

150 294 199 320 ne
221 295 298 332 qua
318 295 428 320 mora
448 281 617 333 ignarOS,
640 281 709 320 ubi
729 282 901 333 primum
924 282 1067 322 vellere
1089 283 1200 335 signa

150 346 363 385 adnuerint
383 348 515 398 superi
535 348 759 399 pubemque
781 348 946 387 educere
969 349 1118 397 castris,
1283 371 1316 388 20

150 413 338 463 inpediat,
362 414 542 465 segnisve
563 419 674 452 metu
696 415 892 464 sententia
913 414 1054 453 tardet.

150 479 302 518 interea
323 479 446 518 socios
467 480 753 531 inhumataque
775 493 938 531 corpora
958 485 1087 520 terrae

150 545 393 594 mandemus,
416 545 482 596 qui
505 546 609 584 solus
630 545 754 584 honos
776 546 1001 585 Acheronte
1023 547 1095 585 sub
1115 547 1195 585 imo
1216 550 1285 585 est.

150 610 227 659 ite,⁷
249 611 316 659 ait,
343 611 539 663 ‘egregias
562 611 721 659 animas,
747 625 845 662 quae
867 613 1056 664 sanguine
1077 612 1190 651 nobis

150 676 250 715 hanc
271 677 441 728 patriam
461 690 648 728 peperere
670 691 751 726 suo,
775 678 956 717 decorate
979 678 1172 729 supremis
1284 700 1314 723 25

150 743 390 791 muneribus,
414 748 683 794 maestamque
706 744 883 783 Euandri
903 740 1054 795 primus
1075 744 1126 783 ad
1147 744 1287 783 urbem

150 809 334 847 mittatur
355 809 496 857 Pallas,
522 823 638 860 quem
659 823 740 848 non
761 810 921 848 virtutis
944 814 1123 861 egentem

149 875 316 914 abstulit
337 880 422 914 atra
443 875 526 913 dies
549 880 589 914 et
609 876 747 914 funere
767 876 904 915 mersit
924 875 1086 915 acerbo.'

208 942 261 980 sic
283 942 338 980 ait
359 942 609 981 inlacrimans
631 943 848 993 recipitque
869 942 920 981 ad
940 942 1078 980 limina
1098 955 1287 993 gressum,

150 1022 290 1059 corpus
311 1008 380 1046 ubi
402 1008 574 1046 exanimi
596 1009 769 1059 positum
791 1008 984 1047 Pallantis
1005 1008 1174 1047 Acoetes
1285 1031 1318 1055 30

151 1075 332 1113 servabat
353 1075 493 1123 senior,
515 1075 585 1125 qui
605 1075 815 1113 Parrhasio
835 1074 1023 1113 Euandro

151 1141 320 1192 armiger
341 1146 432 1179 ante
454 1141 539 1189 fuit,
566 1141 633 1179 sed
656 1155 735 1179 non
757 1141 936 1180 felicibus
958 1154 1081 1192 aeque

149 1211 235 1246 tum
257 1220 385 1245 comes
407 1207 590 1257 auspiciis
613 1220 701 1245 caro
723 1207 840 1245 datus
861 1207 944 1246 ibat
966 1207 1136 1246 alumno.

150 1273 296 1312 circum
317 1273 443 1311 omnis
465 1273 735 1324 famulumque
757 1287 897 1313 manus
918 1273 1167 1325 Troianaque
1187 1274 1305 1313 turba

151 1347 191 1381 et
210 1348 405 1381 maestum
425 1342 570 1380 Iliades
592 1343 739 1381 crinein
761 1343 809 1382 de
830 1357 938 1382 more
960 1335 1120 1382 solutae.
1285 1365 1315 1389 35

150 1414 195 1448 ut
215 1422 309 1447 vero
330 1408 486 1448 Aeneas
508 1408 658 1447 foribus
681 1422 763 1447 sese
785 1409 922 1447 intulit
941 1410 1043 1458 altis,

150 1476 352 1527 ingentem
373 1476 566 1527 gemitum
589 1476 716 1515 tunsis
738 1477 788 1515 ad
812 1476 939 1515 sidera
960 1476 1109 1515 tollunt

151 1542 386 1593 pectoribus,
410 1547 637 1593 maestoque
660 1543 832 1594 inmugit
853 1543 960 1594 regia
980 1543 1099 1582 luctu.

150 1610 244 1659 ipse,
269 1614 387 1660 caput
408 1609 514 1648 nivei
534 1609 681 1648 fultum
704 1609 896 1648 Pallantis
918 1613 959 1647 et
980 1622 1047 1647 ora

150 1680 197 1714 ut
218 1675 319 1714 vidit
338 1675 495 1726 levique
517 1681 657 1727 patens
679 1676 720 1714 in
741 1680 900 1727 pectore
921 1675 1064 1714 vulnus
1282 1697 1315 1719 40

151 1742 321 1793 cuspidis
343 1742 554 1790 Ausoniae,
579 1742 748 1781 lacrimis
770 1742 826 1780 ita
846 1742 954 1780 fatur
974 1741 1144 1779 obortis:
1324 1730 1327 1733 ¹

151 1807 264 1856 tene‚’
287 1810 429 1860 inquit,
456 1808 696 1847 ‘miserande
719 1821 826 1859 puer,
852 1821 940 1846 cum
962 1807 1065 1846 laeta
1085 1806 1249 1854 veniret,

151 1875 298 1914 invidit
318 1876 478 1914 fortuna
498 1875 605 1923 mihi,
630 1888 679 1913 ne
700 1888 821 1926 regna
842 1873 996 1912 videres

151 1946 295 1989 nostra,
321 1954 447 1991 neque
469 1941 519 1979 ad
541 1940 652 1979 sedes
672 1940 800 1979 victor
819 1939 1005 1978 veherere
1027 1939 1240 1989 paternas?

151 2021 231 2047 non
253 2007 346 2046 haec
367 2006 554 2045 Euandro
576 2005 625 2045 de
646 2010 686 2045 te
707 2005 900 2059 promissa
921 2003 1075 2056 parenti
1279 2024 1311 2049 45
