1418 2197
453 119 684 151 AENEIDOS
710 119 795 150 LIB.
822 119 870 150 XI
1225 117 1265 151 17

105 208 211 258 quod
233 209 264 247 si
286 222 348 247 me
370 207 496 247 solum
518 208 658 247 Teucri
680 208 721 246 in
744 207 958 246 certamina
978 211 1155 258 poscunt,

103 278 223 328 idque
237 278 376 329 placet,
392 282 628 329 tantumque
644 278 757 316 bonis
773 277 1047 316 communibus
1070 277 1193 325 obsto,
1219 298 1267 322 435

104 357 184 382 non
205 344 303 382 adeo
324 344 394 382 has
415 357 534 383 exosa
554 357 693 382 manus
715 344 881 382 victoria
902 343 1013 394 fugit,

104 415 150 447 ut
171 414 283 448 tanta
305 410 513 461 quicquam
534 423 605 461 pro
627 423 694 461 spe
717 415 913 461 temptare
935 423 1117 448 recusem.

102 475 167 514 ibo
189 476 329 514 animis
351 481 496 524 contra,
520 476 582 515 vel
604 490 790 527 magnum
812 480 988 527 praestet
1008 475 1215 522 Achillem,

101 541 282 592 factaque
305 542 472 580 Vulcani
494 543 675 581 manibus
698 543 808 594 paria
829 542 970 580 induat
990 555 1098 579 arma

102 607 168 645 ille
190 607 291 646 licet.
352 608 463 647 vobis
485 609 657 647 animam
678 609 779 647 hanc
800 621 1011 659 soceroque
1034 608 1176 646 Latino
1217 630 1266 652 440

102 673 260 712 Turnus
282 687 364 725 ego,
389 674 495 712 haud
516 675 588 712 ulli
609 680 788 713 veterum
812 675 961 713 virtute
983 673 1187 720 secundus,

101 739 254 779 devovi.
319 742 337 759 “
351 740 479 779 solum
500 741 654 779 Aeneas
676 746 791 780 vocat
805 739 846 779 ”2
881 745 921 779 et
942 745 1056 779 vocet
1078 754 1156 778 oro.

100 819 170 844 nec
192 806 366 845 Drances
387 807 529 857 potius,
554 807 635 845 sive
658 812 718 845 est
738 807 832 845 haec
854 807 912 844 ira
933 807 1106 853 deorum,

101 876 228 910 morte
249 872 343 920 luat,
367 872 450 911 sive
472 877 532 911 est
553 873 681 911 virtus
703 876 743 911 et
764 872 899 924 gloria,
921 871 1058 910 tollat!

155 937 214 975 illi
234 938 329 976 haec
350 938 454 976 inter
475 952 514 976 se
532 938 663 976 dubiis
686 938 735 976 de
756 938 872 976 rebus
895 937 1065 988 agebant
1215 960 1263 982 4⁴5

100 1008 295 1041 certantes
315 1019 322 1042 ι
356 1008 483 1042 castra
504 1003 659 1042 Aeneas
681 1004 882 1055 aciemque
904 1004 1099 1042 movebat.

101 1069 264 1107 nuntius
287 1069 439 1120 ingenti
460 1083 531 1120 per
551 1070 658 1120 regia
679 1074 785 1108 tecta
806 1069 982 1108 tumultu

100 1147 186 1172 ecce
208 1135 297 1183 ruit,
320 1135 551 1187 magnisque
574 1136 711 1174 urbem
733 1136 948 1174 terroribus
970 1135 1118 1186 inplet:

101 1200 314 1239 instructos
336 1201 416 1240 acie
439 1202 626 1240 Tiberino
649 1215 671 1240 a
692 1201 852 1239 flumine
874 1201 1042 1240 Teucros

99 1266 425 1317 Tyrrhenamque
447 1281 606 1306 manum
632 1268 725 1306 totis
747 1267 982 1306 descendere
1004 1268 1160 1318 eampis.
1214 1290 1262 1313 450

101 1333 299 1383 extemplo
322 1333 472 1371 turbati
493 1334 625 1381 animi,
651 1347 916 1384 concussaque
938 1333 1047 1384 vulgi

98 1403 266 1449 pectora,
292 1403 332 1437 et
353 1404 524 1438 arrectae
547 1399 717 1437 stimulis
739 1399 845 1438 haud
866 1399 1051 1438 mollibus
1072 1399 1163 1438 irae.

99 1478 207 1502 arma
227 1478 347 1503 manu
369 1465 513 1516 trepidi
534 1470 702 1516 poscunt
716 1480 728 1514 3
759 1466 894 1504 fremit
914 1479 1023 1504 arma
1043 1465 1227 1504 iuventus
1242 1480 1252 1513 3

100 1532 197 1569 flent
212 1531 351 1569 maesti
369 1537 628 1582 mussantque
644 1536 787 1582 patres.
850 1531 912 1570 hic
926 1531 1100 1582 undique
1117 1531 1262 1569 clamor

99 1596 279 1635 dissensu
300 1598 411 1636 vario
432 1611 598 1648 magnus
621 1611 661 1636 se
683 1598 789 1636 tollit
810 1598 851 1635 in
874 1611 1011 1636 auras:
1214 1618 1262 1642 455

98 1662 203 1701 haud
226 1676 335 1702 secus
357 1668 476 1714 atque
498 1663 579 1702 alto
600 1663 641 1701 in
662 1663 750 1702 luco
772 1677 859 1702 cum
880 1663 983 1702 forte
1005 1668 1185 1702 catervae

99 1729 308 1768 consedere
329 1730 472 1776 avium,
497 1730 698 1780 piscosove
720 1743 834 1768 amne
856 1729 1036 1767 Padusae

98 1794 196 1832 dant
217 1795 390 1833 sonitum
411 1796 518 1833 rauci
540 1809 609 1846 per
630 1800 770 1847 stagna
790 1795 967 1846 loquacia
988 1795 1106 1845 cycni.

73 1862 81 1878 ‘
97 1859 240 1907 immo,⁷
262 1860 326 1907 ait,
355 1863 364 1879 ‘
378 1874 399 1898 o
422 1860 547 1908 cives‚'
570 1865 725 1911 arrepto
746 1865 923 1911 tempore
945 1860 1112 1908 Turnus,

69 1928 77 1944 ‘
95 1926 222 1977 cogite
245 1926 464 1974 concilium,
489 1931 529 1965 et
550 1940 686 1977 pacem
707 1926 866 1965 laudate
888 1926 1092 1965 sedentes:
1213 1942 1262 1972 460

95 1991 154 2029 illi
174 1992 293 2030 armis
313 1992 355 2030 in
376 2005 498 2043 regna
517 1998 650 2031 ruunt.
721 2006 791 2031 nec
813 1992 928 2043 plura
948 1992 1102 2031 locutus

645 2068 669 2097 C
