1418 2197
470 128 700 160 AENEIDOS
725 128 810 160 LIB.
840 128 888 159 XI
1257 128 1276 158 9

89 231 176 256 ossa
196 218 302 265 focis,
326 217 540 268 tepidoque
562 217 780 255 onerabant
801 230 942 268 aggere
963 221 1101 255 terrae.

88 283 164 322 iam
187 296 280 322 vero
301 283 343 321 in
363 283 487 331 tectis,
511 282 743 334 praedivitis
763 283 861 322 urbe
882 283 1026 330 Latini,

88 349 320 401 praecipuus
341 349 473 401 fragor
493 354 534 388 et
554 349 661 401 longi
682 363 772 401 pars
794 350 966 388 maxima
986 349 1124 388 luctus.

88 415 151 455 hic
172 420 316 455 matres
338 416 581 467 miseraeque
602 430 736 464 nurus,
759 416 822 454 hic
844 429 932 454 cara
953 428 1131 454 sororum
1231 435 1279 458 215

88 486 246 532 pectora
266 488 522 530 maerentum,
545 483 734 533 puerique
755 482 986 533 parentibus
1007 482 1104 529 orbi,

88 547 219 586 dirum
240 553 494 587 exsecrantur
515 549 665 587 bellum
686 548 890 599 Turnique
911 548 1150 599 hymenaeos
1164 562 1176 596 3

88 614 219 665 ipsum
239 615 367 662 armis,
391 615 599 666 ipsumque
621 615 760 653 iubent
780 614 989 653 decernere
1010 614 1125 661 ferro,

89 680 157 731 qui
178 693 343 732 regnum
364 680 503 719 Italiae
525 685 565 719 et
585 681 733 732 primos
755 681 830 719 sibi
850 685 986 732 poscat
1007 680 1185 719 honores.

89 746 271 797 ingravat
291 747 386 785 haec
408 760 546 785 saevus
567 747 752 795 Drances,
777 747 981 798 solumque
1003 747 1134 785 vocari
1234 769 1282 785 220

87 815 268 860 testatur,
293 812 418 850 solum
439 812 546 863 posci
567 812 608 850 in
630 813 844 851 certamina
864 813 1051 851 Turnum.

88 877 215 916 multa
237 877 353 916 simul
374 882 511 916 contra
532 878 650 917 variis
672 879 871 917 sententia
892 878 1007 917 dictis

89 957 160 994 pro
182 943 316 982 Turno
332 959 342 992 3
373 948 413 982 et
433 957 620 995 magnum
641 944 798 996 reginae
820 958 963 983 nomen
986 944 1198 983 obumbrat
1213 960 1223 993 ,-

90 1010 215 1048 multa
235 1010 365 1048 virum
386 1010 538 1048 meritis
560 1015 759 1049 sustentat
779 1011 884 1049 fama
906 1011 1088 1061 tropaeis.

147 1076 219 1115 hos
240 1076 344 1115 inter
365 1081 506 1124 motus,
531 1076 662 1115 medio
683 1077 725 1114 in
747 1077 938 1128 flagrante
960 1077 1149 1124 tumultu,
1235 1099 1283 1122 225

91 1155 187 1190 ecce,
212 1156 329 1193 super
350 1143 489 1181 maesti
510 1156 653 1193 magna
674 1142 879 1181 Diomedis
901 1143 950 1181 ab
972 1143 1068 1181 urbe

90 1208 211 1260 legati
231 1222 417 1260 responsa
438 1208 596 1248 ferunt:
631 1209 730 1247 nihil
753 1209 934 1248 omnibus
955 1214 1087 1247 actum

90 1279 293 1313 tantorum
314 1275 501 1325 impensis
523 1288 710 1326 operum,
739 1275 796 1314 nil
818 1275 930 1324 dona,
956 1288 1084 1326 neque
1105 1288 1254 1323 aurum,

91 1354 162 1380 nec
182 1354 344 1392 magnas
366 1341 534 1380 valuisse
555 1355 711 1391 preces3
744 1341 820 1380 alia
840 1355 949 1380 arma
970 1342 1124 1381 Latinis

91 1407 323 1458 quaerenda,
349 1414 417 1445 aut
437 1420 572 1458 pacem
595 1407 765 1446 Troiano
786 1407 836 1446 ab
856 1421 946 1459 rege
967 1409 1196 1459 petendum.
1236 1432 1286 1454 230

91 1473 225 1511 deficit
245 1473 397 1524 ingenti
418 1473 527 1511 luctu
550 1486 621 1511 rex
641 1473 723 1524 ipse
744 1473 921 1512 Latinus.

91 1539 253 1578 fatalem
273 1540 438 1578 Aenean
459 1539 670 1578 manifesto
691 1540 852 1579 numine
873 1540 967 1579 ferri

92 1605 280 1644 admonet
300 1605 357 1643 ira
379 1605 498 1644 deum
519 1605 740 1656 tumulique
762 1611 854 1644 ante
875 1620 943 1645 ora
964 1612 1149 1646 recentes.

93 1685 185 1723 ergo
207 1672 415 1711 concilium
437 1685 623 1723 magnum
645 1671 869 1723 primosque
891 1686 1050 1711 suorum

92 1738 258 1788 imperio
279 1737 423 1776 accitos
445 1737 526 1775 alta
547 1737 651 1775 intra
672 1737 808 1777 limina
828 1739 943 1790 cogit.
1237 1762 1284 1786 235

94 1804 163 1842 olli
184 1817 412 1851 convenere,
437 1804 646 1854 fluuntque
667 1803 718 1842 ad
739 1805 845 1856 regia
866 1805 991 1855 plenis

94 1874 199 1908 tecta
219 1869 303 1908 viis.
367 1869 478 1908 sedet
498 1869 539 1907 in
560 1869 702 1909 mediis
723 1875 764 1909 et
784 1871 979 1909 maximus
1001 1885 1096 1910 aevo

95 1940 135 1975 et
154 1935 305 1986 primus
326 1935 501 1986 sceptris,
523 1935 629 1974 haud
650 1935 755 1975 laeta
775 1937 916 1984 fronte,
941 1937 1116 1976 Latinus.

95 2006 214 2053 atque
235 2002 298 2041 hic
318 2001 468 2053 legatos
490 2001 633 2041 Aetola
654 2016 703 2041 ex
724 2003 822 2042 urbe
843 2003 1035 2052 remissos,
