1418 2197
463 129 499 161 P.
527 127 716 160 VERGILI
742 127 951 160 MARON1s

137 220 222 270 ipsa
244 219 324 258 suis
346 218 544 269 quondam
566 217 746 255 manibus
770 216 933 256 Sidonia
953 216 1060 255 Dido

137 286 286 324 fecerat
307 290 347 324 et
367 285 477 323 tenui
498 284 596 323 telas
618 283 860 322 discreverat
880 297 987 322 auro.
1270 303 1301 327 75

138 352 279 390 harum
299 365 420 389 unam
441 350 575 389 iuveni
597 363 824 401 supremum
845 354 1019 389 maestus
1040 349 1229 388 honorem

138 418 278 466 induit,
303 430 537 467 arsurasque
560 430 689 455 comas
710 416 878 455 obnubit
899 417 1047 454 amictu
1061 431 1071 464 3

138 484 341 534 multaque
362 488 566 535 praeterea
585 483 795 521 Laurentis
817 482 991 533 praemia
1012 495 1167 533 pugnae

138 555 310 602 aggerat,
334 554 375 588 et
395 549 513 601 longo
535 548 722 601 praedam
742 549 853 587 iubet
873 548 1011 587 ordine
1032 548 1133 586 duci.

139 616 251 655 addit
271 630 391 667 equos
413 621 453 655 et
473 616 564 663 tela,
589 615 730 666 quibus
752 615 990 666 spoliaverat
1011 613 1173 652 hostem.
1270 627 1304 652 80

138 683 321 721 vinxerat
342 686 382 720 et
402 686 493 732 post
513 686 625 732 terga
645 695 795 728 manus,
820 694 918 731 quos
939 679 1117 718 mitteret
1137 679 1288 718 umbris

139 749 307 796 inferias,
332 761 443 787 caeso
465 761 672 799 sparsurus
695 747 885 798 sanguine
907 746 1084 784 flammas
1101 760 1111 794 3

139 814 376 864 indutosque
398 813 509 852 iubet
530 818 690 852 truncos
711 812 922 851 hostilibus
943 811 1061 850 armis

138 880 243 930 ipsos
265 880 366 918 ferre
388 879 516 927 duces,
540 879 776 929 inimicaque
799 878 959 917 nomina
979 877 1055 929 figi.

138 949 297 988 ducitur
317 948 458 987 infelix
479 962 576 987 aevo
598 948 798 986 confectus
820 947 998 994 Acoetes,
1271 960 1303 992 85

138 1020 297 1066 pectora
318 1028 423 1053 nunc
444 1014 606 1053 foedans
628 1014 782 1066 pugniS‚
807 1027 911 1052 nunc
932 1012 1129 1064 unguibus
1150 1026 1218 1052 ora
1233 1027 1243 1061 3

140 1081 331 1120 sternitur
353 1085 393 1120 et
413 1085 499 1119 toto
520 1081 717 1131 proiectus
739 1093 898 1130 corpore
919 1084 1070 1118 terrae:

140 1147 291 1186 ducunt
313 1151 352 1185 et
372 1146 521 1185 Rutulo
543 1146 722 1197 perfusos
744 1145 933 1196 sanguine
955 1158 1101 1183 currus.

140 1218 230 1265 post
250 1212 417 1252 bellator
438 1225 571 1263 equus,
595 1212 734 1263 positis
757 1211 987 1262 insignibus,
1012 1210 1173 1250 Aethon

139 1283 172 1321 it
192 1283 399 1321 lacrimans
419 1282 623 1333 guttisque
644 1285 818 1319 umectat
839 1280 1053 1331 grandibus
1075 1293 1152 1318 ora.
1269 1302 1303 1326 90

139 1349 294 1388 hastam
315 1348 381 1387 alii
402 1348 633 1399 galeamque
655 1347 790 1385 ferunt
804 1361 815 1395 3
847 1360 939 1384 nam
960 1350 1090 1384 cetera
1110 1345 1267 1384 Turnus

137 1415 264 1455 victor
295 1415 424 1453 habet.
498 1419 586 1453 tum
616 1418 766 1452 maesta
794 1413 969 1464 phalanx
997 1412 1215 1462 Teucrique
1247 1424 1300 1450 se-

253 1485 428 1532 quuntur

139 1547 414 1600 Tyrrhenique
437 1560 572 1586 omnes
594 1551 634 1585 et
656 1546 778 1585 versis
801 1545 975 1584 Arcades
997 1544 1126 1583 armis.

137 1618 346 1665 postquam
369 1613 494 1651 omnis
515 1613 631 1664 longe
653 1612 842 1651 comitum
862 1615 1105 1663 processerat
1126 1610 1232 1658 ordo,

137 1680 317 1718 substitit
338 1679 505 1727 Aeneas,
528 1679 755 1730 gemituque
778 1677 874 1717 haec
896 1677 1051 1716 addidit
1072 1677 1176 1716 alto:
1269 1697 1302 1723 95

136 1760 206 1785 nos
228 1745 322 1784 alias
343 1745 434 1783 hinc
458 1744 507 1783 ad
530 1745 709 1783 lacrimas
732 1744 868 1783 eadem
890 1743 1050 1781 horrida
1070 1742 1164 1781 belli

136 1812 219 1850 fata
239 1815 404 1850 vocant:
439 1810 546 1848 salve
568 1814 774 1847 aeternum
795 1809 903 1857 mihi,
928 1808 1098 1846 maxime
1120 1807 1240 1856 Palla,

136 1882 419 1927 aeternumque
442 1874 555 1914 vale.’
615 1888 686 1914 nec
707 1875 821 1926 plura
843 1875 983 1913 effatus
1004 1873 1054 1912 ad
1075 1873 1176 1911 altos

137 1942 328 1983 tendebat
349 1956 482 1981 muros
503 1954 759 1993 gressumque
780 1941 821 1979 in
843 1945 970 1979 castra
989 1939 1150 1979 ferebat.

195 2008 351 2060 iamque
372 2013 547 2047 oratores
567 2008 736 2048 aderant
756 2020 806 2046 ex
825 2006 923 2045 urbe
943 2006 1096 2053 Latina,
1254 2026 1304 2043 100
