1418 2197
469 137 701 170 AENEIDOS
728 138 770 169 LI
778 138 812 171 Β.
843 137 889 168 XI
1232 137 1272 167 25

83 230 239 281 delegit,
263 229 447 281 pacisque
467 228 589 266 bonas
612 227 783 277 bellique
804 226 1004 264 ministras
1021 241 1028 264 :

83 297 217 348 quales
238 295 441 334 Threiciae
462 307 551 332 cum
572 293 737 331 flumina
759 292 1064 331 Thermodontis

83 363 242 415 pulsant
263 367 303 401 et
323 362 439 413 pictis
461 361 661 400 bellantur
681 360 901 398 Amazones
924 358 1051 406 armis,
1227 372 1276 396 660

83 442 152 468 seu
174 429 319 467 circum
341 427 602 478 Hippolyten,
629 439 696 465 seu
718 440 806 464 cum
829 439 868 464 se
890 425 1038 463 Martia
1058 438 1174 463 curru

84 494 335 534 Penthesilea
355 494 488 542 refert,
512 505 733 544 magnoque
754 492 931 530 ululante
953 490 1130 529 tumultu

83 561 253 600 feminea
273 560 478 598 exsultant
499 559 647 598 lunatis
669 559 826 610 agmina
846 557 972 609 peltis.

85 640 202 678 quem
222 627 302 665 telo
323 627 505 677 primum,
531 639 649 676 quem
670 630 926 676 postremum,
951 637 1088 675 aspera
1108 623 1231 675 virgo,

85 694 232 732 deicis?
262 698 330 732 aut
352 698 449 743 quot
470 692 580 730 humi
601 691 811 730 morientia
833 704 995 741 corpora
1015 690 1178 728 fundis?
1228 704 1276 734 665

85 760 265 798 Euneum
288 758 421 809 Clytio
442 758 614 809 primum
634 762 746 808 patre
762 773 771 805 3
803 757 911 795 cuius
933 762 1115 807 apertum

86 825 240 865 adversi
260 825 377 875 longa
397 824 692 862 transverberat
713 824 841 862 abiete
862 827 1007 874 pectus.

86 892 286 943 sanguinis
308 891 374 929 ille
395 904 557 929 vomens
579 890 684 928 rivos
706 889 821 937 cadit,
846 894 964 939 atque
988 893 1190 927 cruentam

86 958 240 997 mandit
259 958 434 1004 humum,
458 956 709 1006 moriensque
732 969 802 994 suo
824 969 864 994 se
886 956 927 993 in
948 955 1111 993 vulnere
1133 960 1274 993 versat.

86 1029 172 1063 tum
228 1024 361 1071 Lirim,
417 1023 691 1074 Pagasumque
749 1035 866 1073 super
884 1036 894 1071 ;
954 1034 1121 1072 quorum
1179 1020 1278 1059 alter

202 1089 373 1128 habenas
1231 1093 1295 1132 670'

88 1157 251 1195 suffosso
272 1155 475 1197 revolutus
498 1168 598 1205 equo
619 1154 715 1192 dum
737 1153 896 1204 colligit,
921 1153 1020 1191 alter

88 1223 184 1262 dum
205 1222 311 1261 subit
332 1236 375 1260 ac
397 1221 580 1260 dextram
601 1220 752 1259 labenti
773 1220 905 1258 tendit
926 1221 1127 1267 inermem,

88 1289 320 1340 praecipites
341 1288 566 1339 pariterque
587 1291 719 1325 ruunt.
782 1286 843 1324 his
865 1286 977 1324 addit
998 1286 1231 1324 Amastrum

89 1354 357 1406 Hippotaden,
382 1354 638 1404 sequiturque
660 1352 890 1390 incumbens
913 1352 1065 1391 eminus
1087 1352 1201 1390 hasta

89 1422 289 1473 Tereaque
330 1420 678 1471 Harpalycumque
724 1425 763 1458 et
810 1419 1116 1469 Demophoonta
1160 1418 1280 1457 Chro-

203 1488 376 1539 mimque
390 1502 401 1536 3
1232 1498 1280 1529 675

90 1560 265 1606 quotque
287 1554 427 1593 emissa
448 1567 568 1591 manu
590 1553 780 1591 contorsit
801 1551 949 1602 spicula
970 1551 1091 1602 virgo,

89 1626 152 1660 tot
172 1620 339 1672 Phrygii
359 1619 529 1658 cecidere
546 1619 631 1658 viri.
694 1618 828 1669 procul
851 1617 1027 1668 Ornytus
1048 1617 1166 1655 armis

90 1687 236 1739 ignotis
258 1690 297 1725 et
318 1699 420 1736 equo
441 1690 606 1724 venator
628 1685 775 1736 Iapyge
796 1684 932 1731 fertur,

92 1755 154 1792 cui
175 1753 287 1804 pellis
308 1752 410 1791 latos
431 1765 586 1790 umeros
608 1755 742 1802 erepta
763 1751 926 1789 iuvenco

92 1818 304 1871 pugnatori
325 1819 462 1870 operit,
487 1822 605 1868 caput
621 1816 765 1869 'ingens
787 1817 865 1855 oris
886 1817 1018 1855 hiatus
1235 1830 1284 1854 630

94 1891 134 1925 et
155 1885 279 1924 malae
300 1890 434 1924 texere
454 1883 539 1935 lupi
560 1898 648 1922 cum
669 1883 854 1922 dentibus
876 1883 983 1931 albis,

94 1953 336 2004 agrestisque
357 1965 496 1990 manus
517 1955 644 1989 armat
665 1963 811 2001 sparus.
874 1950 957 2001 ipse
980 1949 1146 1988 catervis

94 2019 264 2058 vertitur
285 2018 326 2056 in
347 2017 497 2063 mediis,
521 2022 561 2055 et
581 2021 667 2055 toto
688 2017 836 2055 vertice
857 2029 975 2067 supra
997 2021 1064 2055 est.
