1418 2197
452 104 684 136 AENEIDOS
710 104 795 138 LIB.
825 105 873 136 XI
1216 105 1254 138 27

93 196 134 229 at
155 191 317 240 iuvenis,
342 193 480 231 vicisse
501 193 592 231 dolo
615 198 732 241 ratus,
758 194 890 232 avolat
911 194 1004 245 ipse,

94 258 198 296 haud
220 272 337 307 mora,
362 260 637 310 conversisque
659 260 780 311 fugax
802 261 982 299 aufertur
1002 261 1176 308 habenis,

93 324 467 376 quadrupedemque
490 326 612 364 citum
634 326 780 365 ferrata
801 327 903 365 calce
926 327 1077 377 fatigat.

92 403 192 429 vane
213 390 345 442 Ligus,
369 392 594 443 frustraque
618 393 759 432 animis
782 393 882 432 elate
905 394 1095 444 superbis,
1209 416 1256 439 715

93 457 332 507 nequiquam
354 458 502 508 patrias
524 460 729 510 temptasti
750 459 923 498 lubricus
945 464 1049 498 artes
1068 475 1078 508 3

93 536 164 561 nec
184 522 292 562 fraus
315 529 353 562 te
374 524 611 563 incolumem
632 525 762 564 fallaci
783 526 956 576 perferet
977 526 1117 564 Auno'
1137 542 1143 565 :

93 588 187 627 haec
208 589 315 628 fatur
335 590 447 641 virgo
469 595 509 629 et
530 592 754 642 pernicibus
776 592 891 643 ignea
912 592 1058 643 plantis

94 655 236 694 transit
258 669 404 706 equum
426 670 551 705 cursu,
574 658 772 709 frenisque
794 658 960 709 adversa
980 658 1184 709 prehensis

94 721 347 772 congreditur
368 736 591 774 poenasque
613 712 771 763 inimico
794 738 843 763 ex
864 725 1054 776 sanguine
1077 725 1198 763 sumit
1216 741 1222 763 :

94 801 211 838 quam
231 788 345 827 facile
366 789 552 840 accipiter
573 803 669 829 saxo
691 803 799 829 sacer
821 790 900 829 ales
923 791 972 829 ab
994 790 1075 829 alto
1209 813 1254 836 721

95 854 346 905 consequitur
366 855 498 906 pinnis
520 856 727 895 sublimem
749 857 790 894 in
812 857 915 895 nube
938 856 1169 905 columbam,

94 933 441 972 comprensamque
463 926 584 970 tenet,
607 922 852 973 pedibusque
875 923 1066 962 eviscerat
1086 924 1197 962 uncis
1214 939 1223 972 3

94 991 181 1025 tum
202 1000 315 1026 cruor
336 992 375 1026 et
396 987 530 1026 vulsae
551 988 742 1027 labuntur
764 990 811 1028 ab
833 989 992 1028 aethere
1013 989 1181 1040 plumae.

151 1057 192 1091 at
212 1066 292 1092 non
312 1053 407 1092 haec
428 1054 547 1092 nullis
569 1054 773 1093 hominum
796 1060 902 1094 sator
923 1060 1041 1106 atque
1063 1055 1225 1095 deorum

94 1119 306 1158 observans
328 1120 449 1159 oculis
471 1134 624 1159 summo
648 1121 758 1160 sedet
779 1121 882 1160 altus
905 1121 1087 1173 Olympo.
1211 1137 1259 1168 726

95 1185 345 1236 Tyrrhenum
366 1186 521 1238 genitor
543 1187 786 1226 Tarchonem
808 1188 848 1226 in
870 1188 1020 1238 proelia
1041 1201 1158 1227 saeva

94 1252 267 1306 suscitat,
292 1257 331 1290 et
353 1252 522 1291 stimulis
545 1253 652 1292 haud
674 1253 857 1292 mollibus
873 1254 991 1302 inicit
1011 1254 1098 1293 iras.

94 1331 187 1369 ergo
206 1318 312 1356 inter
332 1319 468 1357 caedes
491 1319 750 1371 cedentiaque
773 1320 930 1372 agmina
951 1320 1130 1359 Tarchon

93 1385 220 1423 fertur
241 1397 351 1435 equO‚
377 1385 573 1436 variisque
594 1386 761 1437 instigat
783 1386 942 1425 vocibus
964 1386 1056 1435 alas,
1095 1436 1101 1440 ἱ
1212 1410 1260 1433 730

94 1451 252 1490 nomine
269 1464 463 1502 quemque
481 1465 635 1500 vocans,
654 1453 857 1503 reficitque
879 1453 920 1490 in
942 1453 1096 1503 proelia·
1111 1453 1256 1504 pulsos.

92 1517 180 1567 quis
200 1521 340 1565 metus,
365 1531 388 1556 o
409 1531 626 1568 numquam
648 1518 822 1566 dolituri,
847 1532 869 1557 ο
892 1532 1045 1569 semper
1066 1520 1248 1558 inertesx

95 1582 300 1633 Tyrrheni,
325 1596 423 1634 quae
446 1588 559 1622 tanta
579 1584 719 1622 animis
742 1585 901 1635 ignavia
921 1585 1061 1624 venit?

95 1649 241 1687 femina
262 1649 440 1700 palantes
462 1650 545 1700 agit
565 1654 683 1701 atque
705 1650 800 1689 haec
822 1651 978 1702 agmina
1000 1651 1148 1690 vertit?

97 1728 174 1766 quo
208 1715 366 1759 ferrum,
392 1715 538 1766 quidve
572 1716 666 1754 haec
700 1717 871 1768 gerimus
902 1717 982 1755 tela
1014 1717 1136 1756 inrita
1169 1718 1260 1757 dex-

211 1781 284 1820 ‘tris
297 1783 310 1820 2
965 1814 968 1817 -
1212 1807 1260 1830 735

96 1851 137 1885 at
157 1860 237 1885 non
258 1848 299 1885 in
320 1847 516 1886 Venerem
538 1862 675 1899 segnes
697 1854 968 1900 nocturnaque
990 1839 1105 1895 bella,>

97 1917 175 1961 aut,
200 1913 268 1951 ubi
290 1927 409 1952 curva
430 1914 569 1953 choros
590 1914 737 1953 indixit
758 1915 855 1954 tibia
875 1916 1028 1964 Bacchi,

97 1983 324 2030 exspectare
345 1980 465 2031 dapes
487 1985 527 2019 et
548 1980 685 2031 plenae
708 1981 847 2032 pocula
867 1995 1082 2020 mensae——

69 1519 76 1536 ί
