1418 2197
490 132 721 164 AENEIDOS
748 132 833 166 LIB.
861 132 910 163 XI
1253 133 1291 164 19

131 222 385 273 fulgebatque
406 222 486 261 alta
507 222 718 261 decurrens
741 235 880 261 aureus
902 235 999 269 arce,
1247 244 1294 268 490

132 289 383 339 exsultatque
405 288 555 336 animis,
579 294 618 327 et
640 302 707 339 spe
731 289 810 326 iam
831 288 1023 339 praecipit
1043 287 1220 327 hostem:

72 344 256 408 “qualis
279 358 346 396 ubi
366 357 544 408 abruptis
565 358 669 408 fugit
689 357 893 408 praesepia
913 357 1052 395 vinclis

130 423 290 462 tandem
307 423 406 462 liber
427 437 560 475 equus,
585 437 801 474 campoque
823 423 973 474 potitus
995 427 1130 474 aperto

128 495 198 529 aut
219 490 285 529 ille
306 491 348 529 in
370 499 506 542 pastus
528 498 786 542 armentaque
807 491 937 529 tendit
959 504 1158 542 equarum,

127 562 197 595 aut
217 557 405 596 adsuetus
426 571 551 608 aquae
572 557 759 608 perfundi
781 557 942 596 flumine
964 562 1058 595 noto
1245 578 1293 603 495

129 623 279 670 emicat,
304 624 543 674 arrectisque
565 623 700 662 fremit
720 623 936 662 cervicibus
958 622 1036 661 alte

131 688 346 736 luxurians,
368 689 590 740 luduntque
613 690 727 728 iubae
749 702 819 740 per
839 689 947 736 colla,
971 702 1040 739 per
1061 702 1199 728 armos.

129 755 246 793 obvia
266 756 338 802 cui,
364 755 598 794 Volscorum
620 756 701 794 acie
724 756 947 802 comitante,
973 755 1140 794 Camilla

130 821 308 869 occurrit,
332 822 536 872 portisque
558 822 608 860 ab
629 835 729 872 equo
751 821 887 873 regina
908 821 980 859 sub
1000 821 1096 872 ipsis

127 886 297 935 desiluit,
324 901 442 938 quam
463 893 548 926 tota
570 888 708 927 cohors
729 888 885 926 imitata
905 887 1052 926 relictis
1246 910 1295 932 500

127 954 176 992 ad
198 959 343 992 terram
365 954 533 993 defluxit
554 955 663 1005 equis
679 970 689 1003 3
720 960 808 993 tum
829 954 925 992 talia
945 954 1074 992 fatur:

101 1023 109 1038 ⁴
126 1019 267 1067 Turne,
291 1020 350 1058 sui
372 1021 514 1059 merito
536 1021 568 1059 si
591 1034 668 1071 qua
690 1025 750 1059 est
771 1020 915 1058 fiducia
935 1020 1041 1067 forti,

124 1086 250 1124 audeo
272 1091 312 1124 et
333 1086 568 1125 Aeneadum
589 1087 780 1138 promitto
803 1099 1004 1125 occurrere
1026 1091 1190 1134 turmae,

125 1152 284 1204 solaque
305 1153 530 1203 Tyrrhenos
553 1153 706 1204 equites
728 1153 784 1191 ire
807 1153 924 1191 obvia
945 1157 1092 1191 contra.

123 1232 186 1257 me
207 1219 290 1257 sine
311 1218 438 1270 prima
460 1232 580 1257 manu
602 1223 799 1269 temptare
821 1217 994 1269 pericula
1016 1217 1134 1256 belli:
1245 1239 1293 1263 505

123 1289 168 1323 tu
189 1285 308 1335 pedes
330 1285 380 1323 ad
401 1298 535 1323 muros
558 1285 738 1332 subsiste,
764 1289 804 1323 et
824 1284 980 1323 moenia
1001 1283 1136 1322 serva.'
1159 1294 1163 1296 ·

124 1351 282 1389 Turnus
303 1351 354 1389 ad
375 1351 479 1398 haec,
504 1351 634 1389 oculos
656 1350 853 1389 horrenda
874 1350 915 1388 in
937 1350 1089 1401 virgine
1110 1351 1236 1390 fixus:

99 1420 107 1436 ‘
123 1431 146 1455 ο
167 1417 285 1456 decus
306 1417 446 1455 Italiae
468 1417 590 1467 virgo,
615 1430 712 1468 quas
734 1416 864 1456 dicere
885 1421 1026 1467 grates,

125 1497 272 1535 quasve
293 1484 439 1523 referre
461 1487 626 1535 parem?
657 1484 725 1522 sed
748 1497 861 1530 nunc,
888 1487 947 1521 est
968 1483 1100 1520 omnia
1121 1483 1280 1533 quando

11 1590 24 1607 ,Χ
48 1599 52 1609 1
124 1550 199 1588 iste
220 1549 375 1588 animus
399 1563 526 1601 supra,
551 1563 706 1589 mecum
727 1549 877 1600 partire
898 1548 1082 1587 laborem.
1243 1571 1292 1593 510
1323 1597 1327 1601 Ι

0 1621 71 1654 ἵ]
124 1615 289 1664 Aeneas,
314 1622 360 1655 ut
381 1616 487 1655 fama
508 1616 627 1655 fidem
648 1616 836 1666 missique
857 1620 1063 1666 reportant

36 1676 42 1680 ’
125 1682 404 1733 exploratores,
430 1682 608 1733 equitum
629 1682 732 1721 levia
753 1682 957 1733 improbus
979 1694 1088 1719 arma

124 1748 338 1799 praemisit,
363 1752 574 1799 quaterent
595 1761 751 1799 campos
767 1763 778 1796 3
809 1749 893 1799 ipse
915 1748 1039 1786 ardua
1059 1747 1205 1786 montis

125 1828 195 1865 per
214 1814 370 1853 deserta
390 1815 482 1866 iugo
504 1827 693 1866 superans
713 1814 905 1853 adventat
925 1814 975 1853 ad
997 1814 1144 1852 urbem.

126 1880 234 1919 furta
254 1893 350 1932 paro
369 1880 465 1919 belli
486 1894 662 1919 convexo
682 1880 724 1919 in
745 1881 906 1930 tra-mite
928 1880 1059 1928 silvae,
1244 1901 1292 1926 5ι5

126 1951 172 1984 ut
191 1946 318 1985 bivias
340 1951 491 1985 armato
513 1946 690 1985 obsidam
711 1946 839 1986 milite
860 1947 1002 1985 fauces.

127 2017 174 2051 tu
194 2012 446 2061 Tyrrhenum
468 2013 643 2064 equitem
665 2013 818 2052 collatis
841 2014 977 2064 excipe
998 2013 1121 2064 signis
1137 2029 1147 2062 3
