1418 2197
333 541 378 582 P.
417 541 666 583 VERGILI
708 541 983 583 MARONIS

269 653 1042 725 AENEIDOS

404 784 562 821 LIBER
592 783 911 820 UNDECIMUS

90 923 306 963 OCEANUM
327 924 477 963 interea
499 937 661 975 surgens
685 923 842 962 Aurora
863 923 1048 974 reliquit:

90 990 255 1038 Aeneas
279 1004 519 1041 quamquam
540 995 580 1029 et
601 990 714 1028 sociis
736 990 830 1029 dare
851 994 1009 1040 tempus
1031 989 1242 1029 humandis

90 1056 352 1108 praecipitant
373 1070 487 1095 curae
509 1057 748 1107 turbataque
771 1056 910 1094 funere
933 1069 1041 1094 mens
1064 1061 1132 1103 est,

90 1127 183 1160 vota
205 1122 323 1161 deum
344 1123 471 1173 primo
493 1123 620 1161 vietor
642 1121 821 1160 solvebat
842 1121 932 1160 Eooff

90 1188 292 1240 ingentem
313 1202 502 1238 quereum
523 1188 663 1227 decisis
685 1187 860 1238 undique
883 1188 1001 1226 ramis
1240 1209 1254 1233 5

91 1254 297 1293 constituit
319 1254 482 1302 tumulo,
506 1254 779 1306 fulgentiaque
801 1253 934 1292 induit
955 1267 1073 1302 arma,

91 1320 265 1359 Mezenti
286 1320 394 1359 ducis
417 1321 591 1367 exuvias,
614 1320 698 1368 tibi,
721 1333 870 1371 magne,
894 1325 1110 1370 tropaeum,

91 1385 333 1437 Bellipotens
350 1401 359 1434 3
391 1390 503 1437 aptat
523 1392 701 1424 rorantes
724 1386 914 1437 sanguine
936 1386 1074 1425 cristas

91 1451 246 1503 telaque
268 1456 406 1490 trunca
427 1452 502 1490 viri
524 1457 564 1491 et
584 1452 644 1490 bis
667 1466 736 1490 sex
758 1452 918 1491 thoraca
939 1453 1112 1503 petitum

92 1517 390 1570 perfossumque
412 1518 515 1566 locis,
542 1518 790 1569 clipeumque
812 1531 860 1556 ex
882 1531 971 1557 aere
993 1518 1173 1557 sinistrae
1226 1541 1257 1557 10

92 1576 272 1635 su‘bligat,
296 1588 414 1635 atque
437 1598 570 1623 ensem
593 1584 692 1623 collo
715 1584 923 1635 suspendit
944 1584 1145 1623 eburnum,

92 1654 178 1688 tum
199 1651 332 1698 socios,
356 1663 526 1701 namque
549 1651 675 1689 omnis
698 1664 787 1689 eum
810 1651 957 1701 stipata
978 1651 1136 1702 tegebat

93 1715 209 1754 turba
229 1716 383 1765 ducum,
407 1717 460 1755 sic
483 1716 675 1767 incipiens
697 1716 881 1755 hortatur
902 1715 1089 1756 ovantes:

65 1783 74 1800 ‘
90 1782 262 1820 maxima
282 1795 344 1821 res
365 1783 512 1830 effecta,
537 1782 611 1820 viri
625 1797 636 1831 3
667 1783 786 1821 timor
807 1784 934 1821 omnis
955 1783 1102 1832 abesto,
1227 1806 1255 1828 14

93 1847 198 1899 quod
220 1853 422 1899 superest3
454 1848 548 1887 haec
571 1854 664 1887 sunt
686 1848 819 1900 spolia,
842 1854 883 1888 et
904 1849 952 1888 de
973 1863 1063 1901 rege
1085 1849 1255 1900 superbo

92 1914 300 1964 primitiae,
322 1914 581 1965 manibusque
602 1914 699 1953 meis
721 1915 943 1954 Mezentius
964 1915 1026 1953 hie
1048 1920 1117 1953 est.

92 1992 196 2018 nunc
216 1979 292 2018 iter
312 1979 363 2018 ad
384 1993 515 2032 regem
535 1979 650 2019 nobis
670 1993 880 2032 murosque
901 1980 1072 2019 Latinos.

197 2045 232 2081 ΞΞ
647 2052 674 2079 Β
