1418 2197
479 138 711 171 AENEIDOS
738 138 823 173 LIB.
851 138 900 170 XI

126 229 246 269 velati
267 230 385 269 ramis
407 229 522 277 oleae,
546 228 781 280 veniamque
801 231 985 280 rogantes
1003 245 1011 268 :

126 309 297 347 corpora,
322 310 391 347 per
411 308 567 346 campos
588 295 693 334 ferro
714 308 814 346 quae
835 295 923 334 fusa
943 295 1134 340 iacebant,

126 362 319 411 redderet,
342 376 386 400 ac
407 362 562 401 tumulo
583 361 730 400 sineret
751 361 956 400 succedere
978 365 1106 400 terrae
1122 376 1132 409 ;

126 427 278 466 nullum
299 442 388 467 cum
409 428 521 466 victis
542 432 740 466 certamen
762 432 803 467 et
822 427 981 466 aethere
1002 427 1120 466 cassis
1135 441 1146 475 3

125 498 302 544 parceret
322 494 545 545 hospitibus
567 493 767 544 quondam
789 494 1010 544 socerisque
1031 493 1190 532 vocatis.

126 573 222 610 quos
243 560 370 599 bonus
391 560 557 608 Aeneas,
581 560 688 598 haud
711 560 957 611 aspernanda
977 563 1194 611 precantes,

125 625 374 676 prosequitur
395 626 520 674 venia,
545 631 585 664 et
606 625 737 664 verbis
758 626 853 664 haec
874 625 1035 676 insuper
1055 624 1189 663 addit:

99 696 109 712 ‘
124 704 317 742 quaenam
338 705 408 730 vos
430 696 542 730 tanto
563 692 724 730 fortuna
744 691 918 743 indigna,
941 690 1084 738 Latini,

124 757 304 808 inplicuit
326 757 439 805 bello,
463 757 531 808 qui
551 770 621 796 nos
643 757 804 808 fugiatis
826 756 997 795 amicos?

123 837 259 875 pacem
279 837 342 862 me
364 823 556 862 exanimis
578 827 619 862 et
639 823 782 861 Martis
804 827 908 862 sorte
929 822 1145 873 peremptis

124 891 244 930 oratis
261 892 274 930 2
306 890 490 941 equidem
511 895 551 929 et
572 889 673 929 vivis
695 889 906 928 concedere
928 888 1081 927 vellem.

123 970 195 996 1100
216 957 317 1005 veni,
343 956 418 995 nisi
439 957 522 995 fata
542 956 672 995 locum
694 955 904 1006 sedemque
927 954 1128 993 dedissent
1144 969 1155 1004 3

124 1036 195 1062 1100
215 1023 365 1061 bellum
385 1036 474 1061 cum
494 1026 611 1073 gente
632 1034 725 1073 gero
742 1037 749 1060 ε
781 1034 851 1059 1οΧ
872 1025 1007 1059 nostra
1027 1020 1190 1071 reliquit

124 1088 306 1139 hospitia,
331 1094 372 1128 et
392 1088 516 1127 Turni
539 1087 671 1138 potius
693 1100 734 1126 se
756 1087 925 1126 credidit
945 1086 1074 1125 armis.

125 1155 286 1206 aequius
307 1155 398 1193 huic
420 1154 600 1193 Turnum
621 1154 751 1192 fuerat
773 1167 814 1192 se
836 1166 1033 1204 opponere
1056 1153 1187 1191 morti.

125 1221 159 1259 si
178 1220 327 1259 bellum
348 1221 459 1259 finire
481 1234 610 1269 manu,
634 1220 667 1259 si
688 1219 1026 1271 pellerebTeucros

125 1291 299 1337 apparat,
324 1286 384 1324 his
405 1300 559 1325 mecum
581 1286 714 1325 decuit
736 1298 965 1324 concurrere
987 1285 1077 1323 telis
1093 1301 1103 1334 3

74 1351 244 1408 vl5vixet,
269 1352 332 1390 cui
352 1351 476 1390 vitam
497 1351 593 1390 deus
616 1356 684 1391 aut
706 1365 776 1390 sua
797 1352 940 1390 dextra
961 1351 1143 1390 dedisset.

0 1410 89 1496 (3⁴:³⁴5.
125 1433 230 1459 nunc
251 1421 316 1468 ite,
340 1425 380 1458 et
401 1420 552 1459 miseris
575 1421 785 1472 supponite
808 1420 957 1459 civibus
979 1420 1134 1471 ignem.’

125 1485 280 1524 dixerat
300 1485 464 1524 Aeneas.
528 1485 587 1524 illi
608 1485 833 1536 obstipuere
855 1486 1026 1533 silentes,

125 1550 381 1602 conversique
403 1550 536 1590 oculos
557 1551 661 1590 inter
683 1564 723 1590 se
744 1555 862 1602 atque
887 1564 955 1590 ora
975 1551 1175 1589 tenebant.

125 1619 212 1654 tum
233 1616 363 1655 senior
384 1629 613 1667 semperque
635 1617 736 1655 odiis
759 1622 798 1656 et
820 1617 982 1655 crimine
1004 1616 1178 1655 Drances

125 1685 302 1724 infensus
323 1685 458 1724 iuveni
480 1685 615 1724 Turno
637 1686 691 1724 sic
713 1699 779 1724 ore
800 1686 973 1725 vicissim

127 1764 214 1789 orsa
234 1751 378 1790 refert:
416 1754 460 1789 ‘0
483 1751 587 1789 fama
608 1751 757 1803 ingens,
781 1752 980 1803 ingentior
1001 1752 1129 1800 armis,

127 1817 188 1855 vir
207 1817 385 1864 Troiane,
411 1818 554 1868 quibus
575 1817 682 1856 caelo
703 1823 743 1856 te
764 1817 948 1857 laudibus
970 1831 1135 1869 aequem
1153 1820 1166 1857 ’.ἰ

126 1882 352 1922 iustitiaene
374 1883 483 1933 prius
504 1883 633 1931 mirer,
655 1883 801 1922 belline
822 1883 1028 1922 laborum?

127 1961 199 1988 nos
220 1962 313 1988 vero
334 1949 430 1988 haec
451 1949 621 1999 patriam
642 1950 745 2001 grati
766 1950 980 1989 referemus
1000 1950 1050 1988 ad
1071 1950 1220 1997 urbem,

126 2018 168 2054 et
187 2020 238 2063 te,
261 2015 294 2053 si
315 2027 394 2066 qua
414 2015 519 2054 viam
541 2014 697 2054 dederit
717 2015 888 2064 fortuna,
912 2015 1056 2055 Latino

1242 514 1288 538 105

1243 845 1291 861 110

1243 1174 1290 1198 1¹5

1246 1507 1293 1524 120

1242 1840 1290 1862 125
