1418 2197
142 103 181 133 30
496 102 530 136 P.
560 102 746 134 VERGILI
772 102 980 135 MARONIS

141 191 267 229 audiit
289 196 328 229 et
349 179 433 230 voti
455 191 639 229 Phoebus
662 191 867 231 succedere
888 197 1042 243 partem

139 262 272 296 mente
294 257 414 306 dedit,
439 262 593 308 partem
614 257 791 297 volucres
814 258 1000 309 dispersit
1021 258 1063 296 in
1085 271 1199 297 auras
1217 275 1223 297 :
1286 281 1335 306 795

140 329 335 362 sterneret
356 328 400 362 ut
422 324 554 362 subita
574 324 775 363 turbatam
797 330 923 363 morte
946 324 1165 373 Camillam,

140 389 282 428 adnuit
303 390 432 428 oranti
448 405 456 438 3
487 390 673 428 reducem
693 394 739 429 ut
760 391 889 441 patria
909 391 991 430 alta
1011 390 1174 438 videret,

140 469 220 495 non
242 456 362 504 dedit,
387 457 507 506 inque
531 456 658 495 Notos
680 469 816 495 vocem
837 462 992 496 vertere
1013 456 1215 508 procellae.

140 536 242 574 ergo,
266 528 312 561 ut
332 522 451 561 missa
470 536 590 561 manu
612 523 786 561 sonitum
806 523 918 561 dedit
939 524 1054 562 hasta
1074 536 1145 574 per
1165 536 1289 572 auras,

140 593 367 627 convertere
390 589 542 627 animos
564 601 670 627 acres
693 588 904 639 oculosque
927 589 1052 627 tulere
1286 603 1336 628 800

140 655 270 693 cuncti
291 654 341 692 ad
364 655 540 706 reginam
561 654 703 693 Volsci.
768 655 868 693 nihil
889 655 974 705 ipsa
995 668 1123 705 neque
1145 668 1262 694 aurae

139 734 210 759 nec
233 720 383 759 sonitus
405 734 564 769 memor,
589 726 658 759 aut
679 721 875 759 venientis
897 721 947 759 ab
969 721 1126 760 aethere
1147 721 1227 769 teli,

139 786 253 825 hasta
274 787 346 825 sub
369 792 566 826 exsertam
588 787 712 826 donec
733 787 886 838 perlata
907 787 1095 838 papillam

140 853 277 901 haesit,
302 854 604 904 virgineumque
627 853 705 892 alte
727 853 828 892 bibit
849 858 935 892 acta
957 867 1143 892 cruorem.

141 924 381 958 concurrunt
402 920 580 970 trepidae
603 920 764 959 comites
787 919 1066 970 dominamque
1087 924 1267 959 ruentem
1285 935 1332 966 805
1367 938 1375 946 ‘

140 986 370 1037 succipiunt.
434 986 537 1037 fugit
559 991 650 1025 ante
673 999 807 1024 omnes
830 986 1043 1024 exterritus
1064 986 1229 1035 Arruns,
1376 980 1379 989 '

139 1052 292 1091 laetitia
312 1052 517 1103 mixtoque
539 1058 658 1100 metu,
682 1065 752 1091 nec
774 1052 853 1091 iam
875 1053 1042 1103 amplius
1059 1053 1195 1092 hastae

140 1119 308 1167 credere,
332 1133 403 1158 nec
426 1119 514 1158 telis
536 1132 737 1158 occurrere
758 1119 923 1171 virginis
945 1119 1074 1158 audet.

139 1199 182 1225 ac
203 1186 314 1225 velut
334 1186 410 1233 ille,
434 1186 542 1237 prius
563 1199 683 1236 quam
704 1185 783 1224 tela
799 1186 959 1224 inimica
980 1190 1212 1237 sequantui?

140 1253 327 1292 continuo
349 1253 390 1290 in
411 1257 565 1291 montes
588 1265 670 1290 sese
692 1252 804 1290 avius
826 1252 981 1290 abdidit
1000 1252 1101 1291 altos
1110 1270 1126 1294 <v
1199 1250 1209 1260 ’
1284 1267 1334 1291 810

139 1319 264 1358 occiso
285 1323 442 1370 pastore
465 1318 580 1369 lupus
603 1331 796 1369 magnove
819 1307 1083 1368 iuven00‚'²†0-'

139 1385 315 1424 conscius
337 1384 496 1423 audacis
518 1385 623 1432 facti,
649 1384 893 1435 caudamque
914 1384 1132 1423 remulcens

138 1454 305 1493 subiecit
325 1454 571 1504 pavitantem
594 1458 717 1502 utero,
744 1454 940 1504 silvasque
961 1454 1127 1505 petivit:

138 1520 244 1559 haud
266 1533 375 1559 secus
397 1533 446 1559 ex
469 1520 589 1559 oculis
612 1534 652 1559 se
674 1520 858 1559 turbidus
880 1520 1045 1559 abstulit
1067 1519 1230 1568 Arruns,

138 1591 424 1637 contentusque
446 1587 540 1637 fuga
561 1587 701 1625 mediis
724 1600 763 1625 se
786 1587 988 1625 inmiscuit
1010 1586 1137 1625 armis.
1284 1600 1332 1632 815

137 1653 205 1691 illa
225 1667 345 1692 mauu
367 1653 537 1692 moriens
561 1653 687 1692 telum
709 1653 834 1691 trahit
849 1668 859 1701 3
892 1666 978 1691 ossa
999 1652 1067 1691 sed
1088 1652 1193 1691 inter

137 1719 287 1757 ferreus
309 1718 359 1757 ad
381 1723 507 1757 costas
529 1719 609 1757 alto
632 1724 712 1757 stat
732 1718 897 1757 vulnere
918 1731 1062 1757 mucro.

136 1785 285 1824 labitur
306 1786 515 1837 exsanguis
531 1801 541 1834 3
573 1785 762 1824 labuntur
783 1785 926 1836 frigida
946 1785 1027 1823 leto

137 1852 312 1901 lumina3
344 1865 565 1903 purpureus
587 1851 788 1902 quondam
810 1851 916 1890 color
938 1864 1005 1889 ora
1025 1850 1195 1901 reliquit.

138 1924 225 1957 turn
247 1919 300 1957 sic
323 1919 527 1970 exspirans
548 1918 703 1965 Accam,
729 1931 777 1956 ex
799 1917 1028 1969 aequalibus
1050 1930 1180 1964 unam,
1284 1930 1333 1955 820

139 1985 376 2036 adloquitur,
401 1985 480 2023 fida
501 1989 592 2023 ante
613 1984 709 2023 alias
731 1997 831 2035 quae
854 1984 936 2023 sola
959 1983 1156 2031 Camillae,
