1418 2197
120 125 157 155 14
476 125 511 157 P.
540 124 728 156 VERGILI
755 125 962 157 MARONIS

145 218 283 262 castra,
306 215 421 267 fugae
444 215 579 262 fidens,
606 220 645 253 et
667 215 817 253 caelum
840 215 999 253 territat
1020 215 1149 254 armis.

145 293 269 319 unum
291 281 410 319 etiam
433 281 544 320 donis
567 280 662 328 istis,
688 294 788 332 quae
809 282 980 332 plurima
1000 281 1108 320 mitti

144 346 385 386 Dardanidis
407 347 563 398 dicique
586 347 706 395 iubes,
729 361 863 396 unum,
887 348 1034 399 optime
1055 361 1202 400 regum,

143 412 289 452 adicias
305 428 315 462 3
348 427 419 452 nec
441 418 480 452 te
502 413 621 452 ullius
644 414 834 453 violentia
855 414 998 462 vincat,

145 479 242 530 quin
263 484 398 518 natam
420 480 576 531 egregio
599 493 743 531 genero
765 480 973 532 dignisque
994 480 1222 532 hymenaeis
1260 501 1307 526 355

144 545 213 584 des
234 551 356 596 pater,
382 551 422 584 et
443 559 580 597 pacem
602 546 702 584 hanc
724 552 885 585 aeterno
906 547 1063 586 foedere
1084 547 1231 598 iungas.

145 611 252 662 quod
273 612 305 650 si
326 616 461 650 tantus
484 612 604 650 habet
626 618 778 651 mentes
801 618 841 651 et
862 618 1022 664 pectora
1042 617 1179 660 terror,

143 678 275 728 ipsum
296 678 549 726 obtestemur,
577 679 812 730 veniamque
836 693 991 718 oremus
1013 679 1062 718 ab
1082 679 1167 730 ipso
1183 693 1193 728 3

144 743 268 791 cedat,
290 744 350 782 ius
372 744 577 795 proprium
598 745 681 796 regi
701 745 931 796 patriaeque
952 746 1142 784 remittat.
1248 792 1251 795 Ι

144 809 241 861 quid
262 810 426 849 miseros
449 810 595 849 totiens
618 810 659 849 in
683 816 819 862 aperta
839 811 1014 862 pericula
1035 812 1138 850 cives
1261 825 1310 857 360

143 876 296 927 proicis,
320 890 342 914 0
364 876 479 915 Latio
503 882 622 927 caput
644 876 786 915 horum
809 882 849 916 et
871 892 987 916 eausa
1008 877 1198 916 malorum
1218 879 1231 915 2

144 942 254 981 nulla
275 942 379 981 salus
401 943 504 981 bello
523 958 534 992 ς
565 957 702 994 pacem
726 949 764 982 te
787 944 983 994 poscimus
1005 957 1149 991 omnes,

144 1010 292 1058 Turne,
314 1010 431 1049 simul
451 1012 557 1062 pacis
581 1011 707 1049 solum
729 1012 958 1051 inviolabile
979 1013 1132 1064 pignus.

144 1077 295 1128 primus
318 1090 400 1128 ego,
423 1077 595 1115 invisum
618 1090 736 1128 quem
756 1082 801 1116 tu
824 1078 897 1116 tibi
919 1079 1044 1129 fingis,
1067 1083 1107 1116 et
1128 1091 1210 1116 esse

143 1144 201 1182 nil
222 1157 363 1192 moror,
389 1157 438 1182 en
461 1144 630 1195 supplex
651 1145 777 1183 venio.
841 1145 1024 1184 miserere
1045 1149 1216 1191 tuorum,
1260 1158 1307 1189 365

145 1223 248 1261 pone
269 1210 430 1258 animos,
456 1215 495 1248 et
516 1210 651 1261 pulsus
674 1211 747 1249 abi.
812 1216 872 1249 sat
893 1211 1033 1249 funera
1053 1210 1132 1249 fusi

144 1277 326 1324 vidimus,
352 1277 532 1328 ingentes
555 1281 596 1316 et
619 1277 882 1317 desolavimus
904 1291 1026 1330 agros,

143 1347 222 1390 aut,
247 1343 278 1382 si
300 1343 405 1381 fama
425 1347 570 1391 movet,
595 1343 627 1381 si
649 1348 806 1382 tantum
827 1348 984 1395 pectore
1005 1344 1125 1383 robur

145 1408 326 1460 concipis,
351 1414 390 1447 et
412 1409 443 1447 si
465 1408 564 1448 adeo
586 1409 730 1448 dotalis
751 1410 858 1461 regia
879 1410 987 1448 cordi
1008 1414 1077 1458 est,

145 1474 256 1523 aude,
266 1480 385 1526 atque
399 1474 611 1514 adversum
625 1476 750 1514 fidens
772 1476 831 1514 fer
850 1481 987 1527 pectus
1008 1477 1049 1514 in
1070 1475 1236 1515 hostem.
1260 1497 1309 1521 370

145 1541 302 1589 scilicet,
325 1546 369 1579 ut
390 1541 526 1580 Turno
549 1542 752 1593 contingat
773 1543 880 1594 regia
902 1543 1085 1589 coniunx,

144 1621 227 1656 nos,
249 1607 401 1646 animae
424 1607 532 1655 viles,
558 1608 765 1647 inhumata
786 1609 1000 1659 infletaque
1020 1608 1146 1656 turba,

145 1677 368 1712 sternamur
389 1674 563 1725 campis?
623 1675 742 1713 etiam
763 1680 820 1722 tu,
843 1675 876 1713 si
897 1688 975 1725 qua
996 1675 1069 1713 tibi
1091 1674 1160 1722 vis,

146 1739 178 1778 si
198 1740 318 1791 patrii
339 1740 435 1790 quid
456 1740 599 1779 Martis
621 1740 752 1789 habes,
775 1741 887 1779 illum
909 1741 1036 1791 aspice
1059 1745 1204 1788 contra,

146 1805 214 1856 qui
239 1805 376 1844 vocat.'
1259 1825 1306 1852 375

174 1871 320 1910 talibus
342 1872 490 1910 exarsit
511 1871 627 1911 dietis
650 1873 840 1912 violentia
862 1873 1010 1912 Turni:

145 1936 215 1975 dat
235 1937 436 1988 gemitum,
459 1938 686 1989 rumpitque
707 1938 778 1977 has
799 1939 879 1978 imo
900 1943 1057 1989 pectore
1078 1951 1192 1977 voces
1209 1953 1217 1976 z

119 2003 252 2055 ‘larga
272 2003 443 2054 quidem,
468 2004 635 2050 Drance,
661 2018 814 2056 semper
835 2005 909 2043 tibi
930 2005 1041 2055 copia
1061 2003 1172 2043 fandi
