1418 2197
106 141 144 170 10
459 141 493 172 P.
522 140 709 172 VERGILI
735 140 944 172 MARONIS

139 241 240 278 quae
262 229 444 277 referant,
469 229 543 267 fari
565 229 684 277 iubet,
710 234 750 268 et
770 242 959 280 responsa
978 232 1150 280 reposcit
1240 252 1293 275 240

139 294 276 333 ordine
298 300 439 333 cuncta
460 308 541 334 suc.
604 300 691 334 tum
711 296 816 334 facta
837 295 994 334 silentia
1014 295 1170 347 linguis,

139 365 179 399 et
201 360 381 400 Venulus
403 361 509 400 dicto
531 375 673 413 parens
694 363 752 400 ita
772 362 891 400 farier
912 362 1023 401 infit:

199 429 208 446 ‘
222 427 404 475 vidimus
429 441 450 466 o
472 427 587 476 cives,
610 428 845 467 Diomedem
866 428 1092 479 Argivaque
1114 431 1252 476 castra,

138 497 259 544 atque
281 493 357 532 iter
378 494 526 532 emensi
548 507 659 533 casus
682 494 954 545 superavimus
975 507 1120 542 omnes,

139 559 454 610 contigimusque
476 573 638 598 manum
659 573 737 611 qua
759 560 931 599 concidit
952 560 1027 598 Ilia
1047 559 1174 599 tellus.
1243 581 1291 606 245

138 624 203 663 ille
224 625 364 664 urbem
386 625 626 676 Argyripam
647 625 799 676 patriae
821 625 1051 676 cognomine
1072 625 1201 676 gentis

137 691 265 729 victor
287 691 461 742 Gargani
484 691 680 730 condebat
702 691 862 742 Iapygis
884 691 996 742 agris.

137 762 348 808 postquam
369 758 599 809 introgressi
622 762 661 796 et
684 771 814 796 coram
835 757 929 796 data
950 757 1061 808 copia
1081 756 1202 804 fandi,

138 837 300 862 munera
320 824 586 874 praeferimus,
610 837 753 863 nomen
775 824 1021 874 patriamque
1044 823 1227 862 docemus
1243 838 1253 872 3

139 889 207 939 qui
229 889 378 928 bellum
399 890 619 938 intulerint,
644 904 744 940 quae
767 904 881 929 causa
901 890 1113 929 attraxerit
1133 889 1275 940 Arpos.

135 956 281 994 auditis
303 955 369 994 ille
392 956 486 995 haec
507 956 661 1007 placido
684 957 737 995 sic
759 956 934 995 reddidit
955 970 1020 995 ore
1036 971 1047 1004 3
1243 977 1292 1002 251

100 1024 119 1040 “
133 1035 156 1060 o
177 1022 403 1060 fortunatae
425 1027 572 1073 gentes,
599 1022 784 1061 Saturnia
804 1036 937 1074 regna,

137 1088 290 1138 antiqui
313 1087 492 1136 Ausonii,
518 1101 617 1138 quae
639 1101 709 1126 vos
731 1088 891 1127 fortuna
913 1088 1066 1139 quietos

136 1154 332 1202 sollicitat,
355 1154 572 1205 suadetque
593 1155 730 1205 ignota
750 1154 937 1193 lacessere
958 1154 1089 1192 bellai

137 1221 374 1271 quicumque
396 1220 534 1259 Iliacos
556 1220 660 1259 ferro
683 1220 917 1259 violavimus
939 1234 1110 1271 agros—
1242 1242 1291 1266 255

137 1287 254 1325 mitto
276 1300 331 1334 ea,
357 1300 456 1337 quae
478 1287 599 1325 muris
621 1287 807 1325 bellando
830 1287 1024 1325 exhausta
1045 1287 1118 1325 sub
1138 1286 1240 1335 altis,

135 1367 234 1404 quos
257 1353 398 1392 Simois
420 1358 575 1404 premat
596 1353 661 1391 ille
684 1352 1012 1392 viros—infanda
1032 1367 1102 1404 per
1122 1353 1258 1392 orbem

80 1437 87 1448 x
135 1419 327 1470 supplicia
349 1424 389 1457 et
410 1419 601 1458 scelerum
622 1433 768 1470 poenas
791 1419 1051 1471 expendimus
1073 1432 1220 1468 omnes,

106 1522 109 1524 .
135 1485 197 1523 vel
220 1485 377 1523 Priamo
399 1485 623 1524 miseranda
645 1499 787 1524 manus
802 1501 812 1534 3
844 1486 918 1524 scit
938 1485 1052 1524 triste
1073 1485 1279 1524 Minervae

127 1551 242 1607 sidus
265 1556 305 1590 et
326 1551 522 1590 Euboicae
544 1556 677 1590 cautes
699 1552 883 1602 ultorque
907 1551 1140 1602 Caphereus.
1242 1565 1292 1590 260

99 1604 276 1656 *militia
297 1631 347 1656 ex
368 1618 435 1656 1113,
457 1618 657 1656 diversum
681 1618 728 1656 ad
751 1618 846 1656 litus
867 1617 997 1656 abacti

133 1683 295 1722 Atrides
318 1683 452 1722 Protei
474 1683 678 1722 Menelaus
701 1683 874 1735 adusque
895 1683 1098 1722 columnas

134 1749 300 1797 exsulat,
324 1749 523 1787 Aetnaeos
545 1749 647 1788 vidit
670 1748 861 1801 Cyclopas
883 1749 1035 1788 Ulixes.

132 1829 254 1867 regna
275 1815 529 1866 Neoptolemi
550 1815 729 1863 referam,
752 1808 1154 1866 versosque‘Penates

133 1880 362 1920 Idomenei?
393 1881 593 1931 Libycone
615 1881 841 1920 habitantes
862 1881 979 1920 litore
1001 1881 1174 1920 Locrostt
1239 1894 1288 1926 265

132 1947 214 1998 ipse
237 1949 475 1999 Mycenaeus
497 1960 732 1999 magnorum
753 1947 894 1986 ductor
914 1947 1112 1985 Achivum

132 2014 310 2066 coniugis
330 2014 516 2053 infandae
538 2014 666 2065 prima
686 2014 792 2053 intra
811 2014 949 2052 limina
972 2013 1113 2052 dextra
