1418 2197
447 109 679 142 AENEIDOS
704 109 790 142 LIB.
816 109 864 140 XI
1217 109 1254 138 13

92 200 307 248 considant,
331 199 363 238 si
384 203 519 237 tantus
541 211 660 245 amor,
686 202 726 236 et
745 197 901 236 moenia
922 196 1104 235 condant.

57 257 154 306 *sin
174 266 272 305 alios
293 266 389 305 fines
406 265 599 315 aliamque
622 276 821 314 capessere
842 267 1002 315 gentem

93 337 154 372 est
174 332 338 380 animus,
359 335 603 382 possuntque
625 330 709 369 solo
732 329 919 368 decedere
940 332 1076 367 nostro
1092 343 1102 377 3
1211 349 1257 373 325

92 399 153 438 bis
173 398 294 437 denas
315 397 416 436 Italo
438 402 621 435 texamus
642 396 783 435 robore
806 409 938 443 naves,

93 477 164 504 seu
183 464 315 515 plures
337 463 532 515 complere
555 463 716 510 valent3
746 462 849 501 iacet
871 461 997 500 omnis
1017 459 1069 499 ad
1090 459 1239 499 undam

93 531 276 570 materies
292 546 302 579 3
332 530 408 581 ipsi
429 541 718 579 numerumque
739 528 981 578 modumque
1003 526 1145 565 carinis

94 597 338 648 praecipiant
352 611 362 644 3
393 609 465 634 nos
486 609 588 643 aera,
607 608 757 642 manus,
778 593 932 632 navalia
954 592 1102 632 demus.

95 667 308 714 praeterea,
333 662 401 713 qui
422 662 529 700 dicta
549 661 681 699 ferant
702 665 742 699 et
762 659 923 699 foedera
943 659 1112 706 firment,
1213 680 1262 703 330

97 733 257 768 centum
279 733 454 767 oratores
474 727 603 778 prima
623 727 672 765 de
694 730 811 777 gente
833 725 997 764 Latinos

95 798 152 837 ire
174 797 311 849 placet,
334 797 517 848 pacisque
539 809 658 834 manu
679 794 939 846 praetendere
961 807 1100 841 ramos,

95 877 260 903 munera
280 867 485 915 portantes
507 862 670 913 aurique
691 861 897 911 eboriSque
918 859 1071 898 talenta

97 935 137 970 et
159 930 293 969 sellam
314 929 425 980 regni
445 929 702 978 trabeamque
723 927 894 979 insignia
914 926 1050 965 nostri.

98 996 291 1036 consulite
313 995 354 1033 in
375 995 562 1042 medium,
588 998 628 1033 et
648 994 765 1032 rebus
787 993 1000 1032 succurrite
1016 991 1155 1031 fessis.⁷
1215 1012 1262 1037 335

155 1067 241 1102 tum
261 1063 448 1109 Drances,
471 1060 577 1099 idem
598 1060 787 1108 infensus
811 1072 928 1110 quem
947 1057 1073 1110 gloria
1089 1057 1213 1096 Turni

97 1129 258 1179 obliqua
278 1127 429 1166 invidia
450 1126 698 1177 stimulisque
721 1126 898 1178 agitabat
919 1125 1133 1172 amaris,—

97 1196 229 1247 largus
250 1207 381 1245 opum,
405 1197 446 1232 et
465 1193 602 1244 lingua
622 1192 771 1240 melior,
796 1191 865 1230 sed
887 1190 1032 1242 frigida
1052 1190 1157 1229 bello

97 1262 272 1309 dextera,
297 1260 468 1299 consiliis
488 1259 650 1298 habitus
671 1273 752 1297 non
772 1258 901 1297 futilis
923 1261 1070 1305 auctor,

99 1327 292 1367 seditione
314 1332 477 1378 potens:
512 1339 635 1377 genus
656 1325 748 1364 huic
770 1330 950 1363 materna
971 1323 1184 1374 superbum
1214 1344 1264 1368 340

99 1393 285 1433 nobilitas
307 1393 438 1439 dabat,
462 1393 658 1431 incertum
680 1391 729 1430 de
750 1396 862 1442 patre
883 1390 1094 1429 ferebat—

99 1460 236 1511 surgit,
258 1464 298 1498 et
317 1459 378 1497 his
400 1463 538 1498 onerat
559 1458 676 1496 dictis
697 1462 815 1508 atque
837 1461 999 1508 aggerat
1019 1455 1121 1504 iras:

73 1529 83 1546 ‘
96 1540 180 1566 rem
201 1525 301 1564 nulli
321 1525 535 1572 obscuram,
560 1528 717 1563 nostrae
738 1536 810 1562 nec
830 1523 938 1562 vocis
959 1526 1151 1573 egentem,

100 1592 281 1639 consulis,
305 1605 328 1630 o
348 1591 449 1630 bone
471 1604 564 1630 rex:
600 1590 732 1629 cuncti
754 1603 794 1629 se
816 1590 913 1628 scire
933 1589 1120 1635 fatentur,

101 1658 197 1709 quid
218 1657 380 1696 fortuna
400 1657 503 1696 ferat
523 1656 661 1707 populi
676 1672 686 1705 3
717 1655 786 1694 sed
808 1655 936 1694 dicere
957 1658 1147 1693 mussant.
1215 1675 1264 1699 345

100 1724 170 1763 det
189 1723 413 1762 libertatem
434 1722 555 1769 fandi,
582 1723 776 1773 flatusque
798 1721 987 1768 remittat,

101 1790 210 1828 cuius
231 1790 281 1828 ob
302 1788 519 1840 auspicium
540 1787 756 1826 infaustum
778 1800 985 1838 moresque
1007 1786 1245 1824 sinistros—-

101 1855 229 1894 dicam
236 1855 428 1906 equidem,
439 1855 530 1894 licet
545 1867 652 1893 arma
665 1854 762 1893 mihi
777 1859 1025 1904 mortemque
1032 1853 1264 1891 minetur-—

100 1921 251 1961 lumina
271 1926 333 1960 tot
354 1921 536 1960 cecidisse
558 1920 704 1960 ducum
725 1925 931 1971 totamque
948 1919 1128 1958 videmus

100 1987 322 2028 consedisse
344 1987 481 2027 urbem
501 1987 622 2032 luctu,
645 1986 742 2025 dum
763 1986 883 2025 Tro'i'a
904 1989 1078 2037 temptat
1215 2006 1267 2032 350
