1418 2197
455 115 686 148 AENEIDOS
711 115 797 148 LIB.
825 116 873 147 XI
1226 117 1263 147 11

77 207 246 257 oppetiit
261 221 271 254 3
301 206 499 244 devictam
519 204 657 243 Asiam
679 204 857 243 subsedit
878 204 1042 244 adulter.

75 272 265 310 invidisse
286 272 389 319 deos,
411 271 550 322 patriis
572 275 618 308 ut
639 270 818 309 redditus
841 271 917 309 aris
1025 279 1103 309 ts

77 338 300 389 coniugium
323 342 503 388 optatum
525 342 565 376 et
585 337 791 388 pulchram
813 337 1017 388 Calydona
1038 337 1213 375 viderem
1231 341 1237 374 1

76 418 180 442 nunc
201 404 320 442 etiam
340 403 521 442 horribili
542 404 629 442 visu
652 408 837 454 portenta
857 408 1087 453 sequuntur,
1220 425 1266 447 271

76 475 117 508 et
137 469 231 508 socii
251 469 384 507 amissi
404 469 607 520 petierunt
629 464 789 507 aethera
809 469 941 519 pinnis

75 536 383 586 fluminibusque
404 541 600 586 vagantur
621 535 849 573 aves—heu
869 535 956 573 dira
975 548 1153 573 meorum

76 601 268 652 supplicia
284 605 394 639 l———et
415 600 595 651 scopulos
619 600 833 639 lacrimosis
855 600 1017 639 vocibus
1038 600 1202 650 inplent.

76 667 170 706 haec
192 667 288 706 adeo
310 681 360 705 ex
380 666 449 705 illo
470 667 568 705 mihi
589 667 668 705 iam
687 667 880 718 speranda
901 667 1065 705 fuerunt
1221 687 1268 710 275

77 739 262 784 tempore,
285 746 374 771 cum
395 733 499 771 ferro
521 732 702 771 caelestia
724 746 886 783 corpora
907 732 1070 771 demens

76 800 224 850 appetii
245 805 286 838 et
305 799 473 837 Veneris
494 799 640 838 violavi
662 799 825 837 vulnere
848 799 1040 837 dextram.

76 879 125 904 ne
145 879 250 914 vero,
273 879 323 903 ne
344 879 405 903 me
427 865 478 904 ad
499 865 597 904 tales
619 865 796 916 impellite
818 878 980 917 pugnas.

75 946 146 971 nec
166 932 265 970 mihi
286 945 375 970 cum
396 932 557 970 Teucris
578 931 705 970 ullum
727 937 818 982 post
841 937 952 970 eruta
971 931 1119 969 bellum

77 999 268 1050 Pergama
282 1013 292 1046 3
322 1012 394 1036 nec
415 1003 594 1036 veterum
615 998 777 1036 memini
797 998 971 1036 laetorve
992 997 1194 1035 malorum.
1220 1011 1270 1035 280

76 1078 249 1112 munera,
273 1077 374 1115 quae
395 1065 534 1115 patriis
556 1065 606 1103 ad
627 1078 689 1103 me
711 1065 878 1115 portatis
899 1064 948 1102 ab
970 1064 1060 1110 oris,

75 1130 219 1168 vertite
239 1130 290 1168 ad
310 1130 485 1169 Aenean.
549 1131 732 1169 stetimus
754 1130 835 1168 tela
855 1143 993 1181 aspera
1014 1134 1159 1177 contra,

76 1197 394 1247 contulimusque
415 1210 579 1235 manus:
612 1203 776 1248 experto
799 1196 955 1243 credite,
979 1203 1151 1246 quantus

76 1263 118 1300 in
139 1263 308 1314 clipeum
328 1263 528 1314 adsurgat,
554 1277 633 1314 quo
655 1264 813 1302 turbine
837 1268 1023 1313 torqueat
1042 1262 1207 1301 hastam.

76 1328 110 1366 si
131 1328 210 1367 duo
230 1335 435 1379 praeterea
454 1329 555 1367 tales
577 1329 698 1368 Idaea
719 1329 875 1368 tulisset
1222 1342 1269 1373 285

76 1399 183 1433 terra
203 1394 317 1443 viros,
342 1395 447 1433 ultro
469 1395 648 1434 Inachias
670 1396 842 1434 venisset
863 1394 913 1433 ad
935 1395 1052 1433 urbes

77 1459 296 1509 Dardanus,
322 1466 362 1499 et
382 1461 505 1499 versis
525 1461 678 1512 lugeret
700 1461 862 1500 Graecia
882 1461 983 1499 fatis

76 1526 272 1577 quidquid
293 1527 398 1577 apud
420 1527 541 1565 durae
563 1533 756 1566 cessatum
777 1534 838 1565 est
858 1527 1014 1565 moenia
1035 1527 1185 1573 Troiae,

77 1593 261 1631 Hectoris
282 1593 519 1643 Aeneaeque
541 1607 661 1632 manu
682 1594 847 1632 victoria
869 1593 1033 1632 Graium

77 1658 212 1708 haesit,
237 1664 278 1698 et
297 1659 339 1697 in
359 1659 556 1697 decimum
578 1659 744 1711 vestigia
764 1659 921 1698 rettulit
942 1672 1099 1697 annum.
1222 1681 1271 1705 290

77 1726 192 1764 ambo
213 1725 364 1772 animis,
387 1725 502 1763 ambo
523 1725 696 1775 insignes
718 1726 1012 1776 praestantibus
1034 1725 1178 1773 armis3

77 1790 140 1829 hic
161 1791 308 1842 pietate
328 1791 445 1842 prior.
509 1796 648 1829 coeant
668 1791 709 1829 in
731 1791 891 1829 foedera
912 1791 1086 1839 dextrae,

77 1870 155 1908 qua
175 1856 293 1895 datur
307 1871 318 1905 3
347 1861 409 1894 ast
429 1856 547 1895 armis
568 1862 804 1895 concurrant
825 1871 933 1895 arma
954 1855 1125 1896 cavete.''

78 1928 118 1961 et
138 1936 325 1973 responsa
345 1922 462 1960 simul
484 1935 584 1973 quae
606 1922 696 1970 sint,
721 1937 792 1961 rex
813 1923 972 1973 optime,
993 1923 1096 1973 regis

77 1989 235 2036 audisti,
258 1994 298 2027 et
319 2002 418 2040 quac
440 1989 492 2027 sit
512 2002 656 2041 magno
677 1989 877 2028 sententia
897 1989 1026 2028 bello.'
1221 2013 1270 2038 295
