1418 2197
459 95 690 127 AENEIDOS
717 95 802 127 LIB.
832 95 881 126 XI
1223 95 1262 124 29

101 185 276 236 undique
293 185 509 232 circuitum,
527 189 567 223 et
586 189 733 223 certam
746 183 877 235 quatit
891 182 1081 234 inprobus
1094 182 1260 221 hastam.

100 251 202 290 forte
224 265 331 290 sacer
351 251 523 301 Cybelae
546 250 737 289 Chloreus
759 250 932 300 olimque
953 248 1133 288 sacerdos

100 317 265 369 insignis
286 317 401 368 longe
422 317 606 368 Phrygiis
627 316 806 367 fulgebat
827 317 868 354 in
890 316 1018 363 armis,
1216 329 1263 361 769

99 389 427 434 spumantemque
449 383 625 434 agitabat,
647 397 801 434 equum,
825 396 941 433 quem
964 381 1077 432 pellis
1097 381 1206 419 a'e'nis

100 449 140 487 in
161 449 337 501 plumam
359 449 530 500 squamis
553 463 646 487 auro
670 454 849 488 conserta
870 448 1038 499 tegebat.

84 497 192 565 {psa
214 515 421 566 peregrina
441 515 642 566 ferrugine
664 514 790 553 clarus
813 519 853 552 et
873 520 990 560 ostro,

100 581 248 632 spicula
269 581 480 631 torquebat
501 581 623 631 Lycio
645 580 840 630 Gortynia
862 593 982 618 cornu
998 595 1008 628 ;

100 660 240 686 aureus
261 661 310 686 ex
331 647 476 686 umeris
498 652 583 685 erat
605 660 716 685 arcus
739 651 779 685 et
800 659 917 684 aurea
938 645 1021 683 vati

100 713 250 752 cassida
264 729 274 761 3
335 718 420 751 tum
472 726 647 751 croceam
698 711 1027 763 chlamydemque
1077 712 1264 762 sinusque

215 784 418 830 crepantes
1217 798 1263 821 775

99 845 300 884 carbaseos
322 844 433 883 fulvo
455 844 498 882 in
519 844 670 882 nodum
692 843 906 894 collegerat
927 855 1034 890 auro,

99 911 226 962 pictus
249 924 320 950 acu
341 910 507 957 tunicas,
530 916 571 949 et
592 910 760 948 barbara
781 909 957 959 tegmina
978 921 1145 946 crurum.

100 977 203 1015 hunc
224 977 344 1028 virg0‚
369 977 450 1015 sive
471 981 518 1015 ut
538 976 697 1026 templis
718 976 951 1026 praefigeret
972 988 1081 1013 arma

100 1043 227 1091 Troia,
254 1043 410 1094 captivo
432 1043 514 1081 sive
535 1047 582 1080 ut
603 1056 642 1080 se
664 1042 786 1080 ferret
807 1041 848 1079 in
868 1054 976 1088 auro,

99 1109 283 1148 venatrix
303 1123 426 1147 unum
449 1122 498 1146 ex
520 1108 628 1147 omni
651 1107 864 1146 certamine
884 1119 1040 1158 pugnae
1216 1120 1265 1152 780

100 1189 211 1214 caeca
231 1176 477 1226 sequebatur,
501 1180 710 1224 totumque
732 1174 890 1212 incauta
911 1186 982 1224 per
1002 1186 1144 1223 agmen

99 1241 270 1280 femineo
291 1241 458 1292 praedae
480 1246 520 1279 et
543 1240 757 1290 spoliorum
779 1239 944 1278 ardebat
964 1251 1117 1277 amore:

101 1307 224 1346 telum
245 1320 294 1345 ex
314 1307 468 1345 insidiis
490 1320 579 1344 cum
600 1306 761 1344 tandem
784 1311 961 1357 tempore
983 1310 1098 1356 capto

100 1373 280 1421 concitat,
303 1378 343 1412 et
362 1385 525 1424 superos
546 1372 700 1410 Arruns
722 1372 775 1410 sic
795 1384 891 1410 voce
911 1376 1093 1422 precatur
1111 1387 1117 1409 :

99 1452 250 1478 summe
272 1439 398 1486 deum,
422 1439 547 1477 sancti
569 1444 698 1477 custos
721 1437 892 1476 Soractis
913 1437 1069 1487 Apollo,
1216 1451 1264 1482 785

101 1519 218 1557 quem
239 1506 355 1556 primi
378 1505 552 1552 colimus,
576 1505 638 1542 cui
660 1505 799 1554 pineus
821 1503 938 1541 ardor
959 1516 1097 1541 acervo

100 1572 285 1622 pascitur,
307 1578 346 1609 et
367 1570 543 1609 medium
564 1570 657 1608 freti
678 1569 826 1620 pietate
848 1582 917 1619 per
938 1569 1071 1619 ignem

100 1637 269 1676 cultores
290 1637 417 1675 multa
436 1636 651 1687 premimus
673 1635 841 1686 vestigia
861 1648 998 1685 pruna,

100 1702 161 1750 da,
184 1707 306 1754 pater,
329 1703 402 1741 hoc
423 1702 567 1741 nostris
590 1701 736 1740 aboleri
758 1701 926 1740 dedecus
948 1701 1075 1749 armis,

101 1769 360 1820 omnipotens.
424 1781 503 1807 non
524 1768 697 1815 exuvias,
721 1767 906 1818 pulsaeve
928 1773 1134 1817 tropaeum
1216 1790 1264 1814 790

101 1835 274 1886 virginis,
299 1840 369 1874 aut
390 1834 513 1885 spolia
534 1834 615 1872 ulla
636 1840 728 1885 peto
743 1850 752 1882 3
782 1834 879 1872 mihi
901 1838 1030 1872 cetera
1050 1833 1208 1872 laudem

101 1900 206 1939 facta
224 1900 355 1939 ferent
369 1915 379 1949 3
409 1900 504 1938 haec
525 1900 611 1938 dira
632 1913 718 1938 meo
738 1899 833 1938 dum
855 1900 1018 1938 vulnere
1039 1900 1162 1951 pestis

101 1966 215 2017 pulsa
235 1966 360 2014 cadat,
381 1967 529 2018 patrias
549 1967 731 2005 remeabo
753 1966 943 2017 inglorius
964 1966 1106 2005 urbes)
