1418 2197
100 125 140 154 26
455 123 488 154 Ρ.
518 124 704 156 VERGILI
729 124 937 161 MARONIS

128 213 231 251 hunc
253 213 321 252 illa
342 218 563 264 exceptum,
584 227 710 264 neque
732 214 836 252 enim
858 215 969 255 labor
990 217 1145 267 agmine
1166 229 1288 264 verSO,

128 279 270 327 traicit,
296 285 336 317 et
358 293 476 330 super
498 280 593 318 haec
614 280 773 318 inimico
796 286 954 331 pectore
976 283 1104 321 fatur:
1244 297 1292 327 685

102 349 110 365 ‘
128 345 235 384 silvis
259 350 307 393 te,
333 346 548 396 Tyrrhene,
571 346 674 384 feras
696 347 846 398 agitare
867 349 1016 398 putasti
1037 351 1049 387 ’.ἒ

129 412 290 450 advenit
312 412 379 462 qui
400 417 531 450 vestra
553 412 635 451 dies
657 413 914 452 muliebribus
936 415 1054 453 armis

127 478 248 517 verba
264 478 519 529 redarguerit.
584 492 728 517 nomen
749 484 882 517 tamen
898 480 1004 520 haud
1027 481 1112 520 leve
1133 486 1290 533 patrum

129 545 313 583 Manibus
336 545 407 583 hoc
429 545 584 592 referes,
605 545 684 583 telo
706 545 890 584 cecidisse
914 546 1122 585 Camillae.’

128 611 308 662 protinus
332 611 580 650 Orsilochum
603 616 642 650 et
659 611 800 659 Buten,
817 611 897 651 duo
914 613 1086 651 maxima
1099 613 1293 652 Teucrum

129 691 313 728 corpora:
348 677 417 716 sed
439 677 569 716 Buten
591 690 771 715 aversum
794 678 952 728 cuspide
974 679 1062 717 fixit
1245 694 1291 726 691

129 744 288 782 loricam
310 744 539 795 galeamque
561 743 674 791 inter,
700 757 778 794 qua
799 744 897 782 colla
918 745 1090 784 sedentis

129 809 262 848 lucent
284 815 324 848 et
344 810 456 848 laevo
478 809 677 860 dependet
699 823 836 860 parma
858 810 1003 850 lacerto
1019 827 1030 860 3

130 875 388 923 Orsilochum,
413 875 569 926 fugiens
597 888 862 926 magnumque
884 876 1032 927 agitata
1053 891 1123 928 per
1144 877 1289 924 orbem,

129 942 254 980 eludit
275 955 372 992 gyro
394 942 566 988 interior,
592 941 850 991 sequiturque
872 947 1100 993 sequentem
1117 958 1127 991 3
1244 958 1292 989 695

129 1013 215 1046 tum
236 1008 409 1046 validam
430 1020 577 1058 perque
600 1021 709 1046 arma
731 1008 817 1046 viro
837 1021 984 1059 perque
1006 1022 1093 1048 ossa
1113 1009 1290 1057 securim,

128 1074 245 1113 altior
267 1087 492 1125 exsurgens,
516 1075 645 1113 oranti
667 1078 708 1112 et
728 1073 854 1112 multa
875 1075 1052 1125 precanti

130 1141 377 1192 congeminat
393 1156 403 1189 3
434 1140 578 1179 vulnus
601 1140 727 1179 calido
749 1141 852 1191 rigat
874 1154 942 1179 ora
963 1142 1128 1180 cerebro.

128 1207 269 1246 incidit
289 1207 380 1246 huic
401 1207 611 1258 subitoque
633 1212 794 1257 aspectu
817 1207 977 1246 territus
999 1208 1126 1247 haesit

128 1273 467 1324 Appenninicolae
489 1273 656 1312 bellator
678 1273 779 1311 filius
803 1273 919 1321 Auni,
1244 1296 1294 1319 700

130 1340 235 1378 haud
256 1339 446 1390 Ligurum
469 1343 680 1386 extremus,
705 1338 800 1376 dum
821 1339 957 1378 fallere
978 1340 1061 1378 fata
1082 1339 1274 1379 sinebant.

129 1407 251 1458 isque,
276 1406 342 1445 ubi
364 1420 404 1445 se
426 1406 534 1445 nullo
556 1406 634 1444 iam
656 1419 772 1444 cursu
793 1406 958 1445 evadere
979 1420 1134 1458 pugnae

129 1486 241 1524 posse
263 1486 390 1523 neque
412 1472 627 1511 instantem
648 1472 825 1523 reginam
845 1477 1021 1511 avertere
1043 1473 1177 1521 cernit,

130 1539 291 1577 consilio
313 1552 468 1577 versare
490 1538 601 1577 dolos
623 1538 822 1589 ingressus
844 1543 884 1577 et
904 1543 1002 1587 astu,

130 1606 269 1655 incipit
286 1605 379 1644 haec
397 1621 403 1644 :
441 1608 449 1624 ‘
464 1605 558 1656 quid
578 1610 659 1642 tam
682 1605 891 1656 egregium,
915 1606 947 1644 si
969 1606 1116 1644 femina
1136 1605 1229 1644 forti
1243 1627 1292 1652 705

130 1672 218 1710 fidis
240 1674 368 1722 equo?
399 1671 556 1710 dimitte
577 1671 724 1722 fugam,
750 1676 790 1709 et
811 1676 850 1709 te
872 1672 1088 1710 comminus
1109 1685 1234 1723 aequo

130 1751 283 1776 mecum
305 1738 418 1776 crede
440 1738 533 1785 solo,
559 1751 792 1788 pugnaeque
814 1738 971 1789 accinge
992 1738 1165 1789 pedestri
1181 1754 1190 1786 3

130 1805 207 1843 iam
229 1818 375 1852 nosces,
400 1810 565 1843 ventosa
585 1803 688 1842 ferat
709 1804 772 1842 cui
793 1804 919 1855 gloria
939 1804 1141 1843 fraudem.'

129 1871 233 1908 dixit
248 1886 258 1919 3
290 1875 330 1908 at
351 1871 418 1908 illa
438 1871 571 1909 furens
592 1870 750 1920 acrique
771 1884 932 1909 accensa
953 1870 1096 1918 dolore,

129 1937 253 1975 tradit
275 1951 420 1987 equum
442 1937 585 1984 comiti,
609 1937 847 1987 paribusque
869 1937 1017 1976 resistit
1037 1937 1078 1975 in
1100 1938 1226 1985 armis,
1244 1960 1293 1983 710

129 2017 220 2042 ense
242 2003 361 2054 pedes
383 2003 499 2050 nudo,
524 2016 699 2054 puraque
722 2003 903 2041 interrita
924 2017 1069 2054 parma.
