1418 2197
463 146 696 178 AENEIDOS
723 146 807 178 LIB.
837 146 884 177 XI
1227 147 1268 177 23

77 237 212 276 horret
232 250 335 288 ager,
357 236 561 287 campique
583 236 701 274 armis
723 236 956 274 sublimibus
979 235 1130 274 ardent.

77 317 146 342 nec
167 317 246 342 non
269 303 473 353 Messapus
495 307 630 340 contra
652 302 875 352 celeresque
897 302 1031 340 Latini

76 374 116 408 et
136 383 224 408 cum
245 369 365 408 fratre
389 369 518 417 Coras,
544 373 584 407 et
605 368 770 419 virginis
792 368 853 406 ala
875 368 1071 415 Camillae,

75 435 231 474 adversi
251 448 387 485 campo
409 440 600 486 apparent
622 435 833 485 hastasque
854 434 1030 473 reductis
1220 449 1268 478 605

76 501 318 552 protendunt
338 501 452 553 longe
475 501 635 548 dextris,
661 505 701 539 et
723 500 871 551 spicula
892 501 1076 548 vibrant3

75 567 347 617 adventusque
369 567 498 604 virum
519 566 781 617 fremitusque
803 566 973 605 ardescit
993 579 1194 617 equorum.

76 634 233 684 iamque
254 633 359 671 intra
378 633 526 671 iactum
548 632 617 671 teli
639 646 866 684 progressus
889 638 1055 683 uterque

77 699 329 738 substiterat:
361 699 493 737 subito
516 703 729 749 erumpunt
750 698 918 737 clamore
940 698 1195 750 furentesque

77 765 339 804 exhortantur
360 778 480 815 equos
495 779 506 812 3
537 764 711 802 fundunt
732 764 849 802 simul
871 764 1046 815 undique
1068 765 1148 803 tela
1220 779 1269 803 610

76 831 211 869 crebra
231 830 333 869 nivis
355 831 447 878 ritu,
472 830 702 881 caelumque
725 830 931 869 obtexitur
951 831 1100 869 umbra..

77 896 263 935 continuo
285 896 459 934 adversis
481 896 711 947 Tyrrhenus
734 901 773 934 et
795 909 882 935 acer
903 896 1104 935 Aconteus

77 963 207 1001 conixi
228 963 436 1000 incurrunt
457 961 589 1010 hastis,
615 962 810 1013 primique
831 962 987 1000 ruinam

76 1029 174 1068 dant
195 1029 326 1067 sonitu
348 1028 509 1079 ingenti,
533 1028 809 1079 perfractaque
832 1028 1207 1079 quadrupedantum

77 1100 236 1146 pectora
257 1095 480 1146 pectoribus
501 1100 716 1145 rumpunt:
751 1108 937 1133 excussus
960 1095 1161 1134 Aconteus
1221 1110 1268 1140 615

77 1161 254 1200 fulminis
274 1161 316 1199 in
336 1173 495 1209 morem,
518 1165 587 1199 aut
610 1166 808 1200 tormento
830 1161 1016 1212 ponderis
1038 1162 1124 1209 acti,

76 1227 309 1278 praecipitat
329 1226 455 1278 longe,
478 1231 518 1265 et
538 1227 664 1265 vitam
687 1226 879 1279 dispergit
900 1227 940 1265 in
962 1241 1085 1266 auras.

0 1297 1 1300 ’
35 1340 37 1343 f
77 1293 277 1344 extemplo
298 1293 478 1332 turbatae
501 1293 612 1341 acies,
636 1293 817 1344 versique
838 1294 971 1332 Latini

77 1359 245 1398 reiciunt
266 1372 420 1410 parmas
442 1363 481 1397 et
503 1372 623 1410 equos
644 1359 694 1397 ad
716 1360 871 1398 moenia
891 1364 1062 1399 vertunt.

77 1426 197 1465 Troes
218 1430 366 1477 agunt;
394 1425 577 1476 princeps
598 1429 749 1464 turmas
771 1426 925 1464 inducit
947 1426 1087 1464 Asilas.
1222 1441 1272 1465 620

78 1493 232 1544 iamque
254 1492 574 1543 propinquabant
595 1492 732 1542 portis,
756 1505 969 1542 rursusque
991 1492 1125 1531 Latini

77 1559 286 1598 clamorem
308 1557 466 1605 tollunt,
492 1563 532 1596 et
553 1557 687 1596 mollia
709 1557 808 1596 colla
827 1558 1061 1607 reflectunt3

79 1625 120 1664 hi
140 1625 308 1676 fugiunt,
333 1624 569 1675 penitusque
592 1623 695 1662 datis
718 1624 945 1662 referuntur
965 1624 1138 1663 habenis.

52 1709 55 1725 κ
79 1690 205 1743 qualis
226 1691 292 1729 ubi
314 1690 467 1729 alterno
488 1703 722 1741 procurrens
743 1690 898 1741 gurgite
920 1695 1066 1741 pontus

80 1771 183 1796 nunc
204 1757 284 1795 ruit
305 1756 355 1795 ad
378 1761 513 1803 terras,
538 1756 797 1807 scopulosque
820 1757 1032 1807 superiacit
1052 1757 1159 1795 unda
1223 1773 1271 1802 6:³5

80 1836 273 1874 spumeus,
297 1829 594 1873 extremamque
617 1822 704 1860 sinu
725 1822 932 1873 perfundit
952 1823 1139 1861 harenam
1156 1839 1166 1871 3

80 1903 184 1928 nunc
205 1889 365 1940 rapidus
388 1893 493 1926 retro
515 1894 634 1939 atque
657 1893 770 1927 aestu
792 1888 972 1929 revoluta
992 1890 1199 1928 resorbens

80 1969 174 1994 saxa
196 1955 307 2006 fugit,
331 1954 503 2005 litusque
525 1954 626 1993 vado
648 1954 805 1993 labente
827 1955 1026 2005 relinquit.

79 2022 140 2061 bis
160 2022 275 2060 Tusci
297 2021 468 2060 Rutulos
489 2034 602 2072 egere
624 2021 670 2059 ad
695 2021 849 2060 moenia
870 2034 1002 2060 versos
1020 2037 1029 2068 3
