<?xml version="1.0" encoding="UTF-8"?>
<!DOCTYPE html PUBLIC "-//W3C//DTD XHTML 1.0 Transitional//EN"
    "http://www.w3.org/TR/xhtml1/DTD/xhtml1-transitional.dtd">
<html xmlns="http://www.w3.org/1999/xhtml" xml:lang="en" lang="en">
 <head>
  <title>
</title>
<meta http-equiv="Content-Type" content="text/html;charset=utf-8" />
  <meta name='ocr-system' content='tesseract 3.04.00' />
  <meta name='ocr-capabilities' content='ocr_page ocr_carea ocr_par ocr_line ocrx_word'/>
</head>
<body>
  <div class='ocr_page' id='page_1' title='image "aeneidosliberxi00virguoft_0048.png"; bbox 0 0 1418 2197; ppageno 0'>
   <div class='ocr_carea' id='block_1_1' title="bbox 114 117 950 152">
    <p class='ocr_par' dir='ltr' id='par_1_1' title="bbox 114 117 950 152">
     <span class='ocr_line' id='line_1_1' title="bbox 114 117 950 152; baseline 0.005 -5"><span class='ocrx_word' id='word_1_1' title='bbox 114 117 154 147; x_wconf 89' lang='lat'>16</span> <span class='ocrx_word' id='word_1_2' title='bbox 468 118 504 151; x_wconf 84' lang='lat' dir='ltr'>P.</span> <span class='ocrx_word' id='word_1_3' title='bbox 529 118 717 151; x_wconf 86' lang='lat' dir='ltr'>VERGILI</span> <span class='ocrx_word' id='word_1_4' title='bbox 743 119 950 152; x_wconf 80' lang='lat' dir='ltr'><strong>MARONIS</strong></span> 
     </span>
    </p>
   </div>
   <div class='ocr_carea' id='block_1_2' title="bbox 107 206 1307 2048">
    <p class='ocr_par' dir='ltr' id='par_1_2' title="bbox 111 206 1106 261">
     <span class='ocr_line' id='line_1_2' title="bbox 111 206 1106 261; baseline 0.003 -16"><span class='ocrx_word' id='word_1_5' title='bbox 111 206 174 245; x_wconf 87' lang='lat' dir='ltr'>vel</span> <span class='ocrx_word' id='word_1_6' title='bbox 195 220 285 246; x_wconf 90' lang='lat' dir='ltr'>cum</span> <span class='ocrx_word' id='word_1_7' title='bbox 306 221 346 246; x_wconf 90' lang='lat' dir='ltr'>se</span> <span class='ocrx_word' id='word_1_8' title='bbox 367 208 557 259; x_wconf 84' lang='lat' dir='ltr'>pavidum</span> <span class='ocrx_word' id='word_1_9' title='bbox 578 213 715 247; x_wconf 83' lang='lat' dir='ltr'>contra</span> <span class='ocrx_word' id='word_1_10' title='bbox 736 222 822 247; x_wconf 82' lang='lat' dir='ltr'>mea</span> <span class='ocrx_word' id='word_1_11' title='bbox 842 209 970 260; x_wconf 82' lang='lat' dir='ltr'>iurgia</span> <span class='ocrx_word' id='word_1_12' title='bbox 991 210 1106 261; x_wconf 85' lang='lat' dir='ltr'>fingit</span> 
     </span>
    </p>

    <p class='ocr_par' dir='ltr' id='par_1_3' title="bbox 110 274 1302 459">
     <span class='ocr_line' id='line_1_3' title="bbox 110 274 1101 322; baseline 0.004 -11"><span class='ocrx_word' id='word_1_13' title='bbox 110 274 272 312; x_wconf 83' lang='lat' dir='ltr'>artificis</span> <span class='ocrx_word' id='word_1_14' title='bbox 294 274 429 322; x_wconf 85' lang='lat' dir='ltr'>scelus,</span> <span class='ocrx_word' id='word_1_15' title='bbox 454 278 495 313; x_wconf 85' lang='lat' dir='ltr'>et</span> <span class='ocrx_word' id='word_1_16' title='bbox 515 275 727 314; x_wconf 85' lang='lat' dir='ltr'>formidine</span> <span class='ocrx_word' id='word_1_17' title='bbox 749 276 895 315; x_wconf 82' lang='lat' dir='ltr'>crimen</span> <span class='ocrx_word' id='word_1_18' title='bbox 917 277 1074 315; x_wconf 87' lang='lat' dir='ltr'>acerbat</span> <span class='ocrx_word' id='word_1_19' title='bbox 1094 292 1101 315; x_wconf 89' lang='lat'><strong>:</strong></span> 
     </span>
     <span class='ocr_line' id='line_1_4' title="bbox 111 341 1302 390; baseline 0.003 -13"><span class='ocrx_word' id='word_1_20' title='bbox 111 353 327 390; x_wconf 77' lang='lat' dir='ltr'><strong>numquam</strong></span> <span class='ocrx_word' id='word_1_21' title='bbox 340 341 513 378; x_wconf 87' lang='lat' dir='ltr'>animam</span> <span class='ocrx_word' id='word_1_22' title='bbox 521 341 639 379; x_wconf 86' lang='lat' dir='ltr'>talem</span> <span class='ocrx_word' id='word_1_23' title='bbox 648 341 791 380; x_wconf 83' lang='lat' dir='ltr'>dextra</span> <span class='ocrx_word' id='word_1_24' title='bbox 803 342 1082 381; x_wconf 85' lang='lat' dir='ltr'>hac—absiste</span> <span class='ocrx_word' id='word_1_25' title='bbox 1095 343 1302 381; x_wconf 87' lang='lat' dir='ltr'>moveri—</span> 
     </span>
     <span class='ocr_line' id='line_1_5' title="bbox 111 406 1116 459; baseline 0.004 -15"><span class='ocrx_word' id='word_1_26' title='bbox 111 406 270 445; x_wconf 86' lang='lat' dir='ltr'>amittes</span> <span class='ocrx_word' id='word_1_27' title='bbox 285 421 296 455; x_wconf 79' lang='lat'><em>3</em></span> <span class='ocrx_word' id='word_1_28' title='bbox 327 407 481 445; x_wconf 86' lang='lat' dir='ltr'>habitet</span> <span class='ocrx_word' id='word_1_29' title='bbox 502 411 634 446; x_wconf 88' lang='lat' dir='ltr'>tecum</span> <span class='ocrx_word' id='word_1_30' title='bbox 655 412 695 446; x_wconf 91' lang='lat' dir='ltr'>et</span> <span class='ocrx_word' id='word_1_31' title='bbox 716 408 767 446; x_wconf 86' lang='lat' dir='ltr'>sit</span> <span class='ocrx_word' id='word_1_32' title='bbox 789 413 945 459; x_wconf 90' lang='lat' dir='ltr'>pectore</span> <span class='ocrx_word' id='word_1_33' title='bbox 966 409 1007 447; x_wconf 92' lang='lat' dir='ltr'>in</span> <span class='ocrx_word' id='word_1_34' title='bbox 1030 409 1116 448; x_wconf 88' lang='lat' dir='ltr'>isto.</span> 
     </span>
    </p>

    <p class='ocr_par' dir='ltr' id='par_1_4' title="bbox 110 472 1304 591">
     <span class='ocr_line' id='line_1_6' title="bbox 110 472 1304 524; baseline 0.003 -14"><span class='ocrx_word' id='word_1_35' title='bbox 110 485 214 510; x_wconf 88' lang='lat' dir='ltr'>nunc</span> <span class='ocrx_word' id='word_1_36' title='bbox 235 472 285 511; x_wconf 77' lang='lat' dir='ltr'>ad</span> <span class='ocrx_word' id='word_1_37' title='bbox 306 476 356 520; x_wconf 84' lang='lat' dir='ltr'>te,</span> <span class='ocrx_word' id='word_1_38' title='bbox 381 477 420 511; x_wconf 89' lang='lat' dir='ltr'>et</span> <span class='ocrx_word' id='word_1_39' title='bbox 441 478 510 511; x_wconf 88' lang='lat' dir='ltr'>tua</span> <span class='ocrx_word' id='word_1_40' title='bbox 530 487 682 524; x_wconf 79' lang='lat' dir='ltr'>magna,</span> <span class='ocrx_word' id='word_1_41' title='bbox 706 479 829 524; x_wconf 86' lang='lat' dir='ltr'>pater,</span> <span class='ocrx_word' id='word_1_42' title='bbox 854 475 1033 513; x_wconf 86' lang='lat' dir='ltr'>consulta</span> <span class='ocrx_word' id='word_1_43' title='bbox 1052 479 1239 514; x_wconf 85' lang='lat' dir='ltr'>revertor.</span> <span class='ocrx_word' id='word_1_44' title='bbox 1254 497 1304 520; x_wconf 80' lang='lat'>410</span> 
     </span>
     <span class='ocr_line' id='line_1_7' title="bbox 111 538 1087 591; baseline 0.003 -15"><span class='ocrx_word' id='word_1_45' title='bbox 111 538 143 577; x_wconf 91' lang='lat' dir='ltr'>si</span> <span class='ocrx_word' id='word_1_46' title='bbox 164 538 314 576; x_wconf 81' lang='lat' dir='ltr'>nullam</span> <span class='ocrx_word' id='word_1_47' title='bbox 336 539 481 577; x_wconf 83' lang='lat' dir='ltr'>nostris</span> <span class='ocrx_word' id='word_1_48' title='bbox 502 539 609 577; x_wconf 88' lang='lat' dir='ltr'>ultra</span> <span class='ocrx_word' id='word_1_49' title='bbox 630 553 740 590; x_wconf 88' lang='lat' dir='ltr'>spem</span> <span class='ocrx_word' id='word_1_50' title='bbox 761 541 874 591; x_wconf 85' lang='lat' dir='ltr'>ponis</span> <span class='ocrx_word' id='word_1_51' title='bbox 895 541 936 578; x_wconf 91' lang='lat' dir='ltr'>in</span> <span class='ocrx_word' id='word_1_52' title='bbox 958 541 1087 588; x_wconf 84' lang='lat' dir='ltr'>armis,</span> 
     </span>
    </p>

    <p class='ocr_par' dir='ltr' id='par_1_5' title="bbox 110 604 1304 1252">
     <span class='ocr_line' id='line_1_8' title="bbox 111 604 1101 658; baseline 0.002 -15"><span class='ocrx_word' id='word_1_53' title='bbox 111 605 143 643; x_wconf 89' lang='lat' dir='ltr'>si</span> <span class='ocrx_word' id='word_1_54' title='bbox 165 610 248 643; x_wconf 89' lang='lat' dir='ltr'>tam</span> <span class='ocrx_word' id='word_1_55' title='bbox 270 604 416 644; x_wconf 86' lang='lat' dir='ltr'>deserti</span> <span class='ocrx_word' id='word_1_56' title='bbox 438 619 584 654; x_wconf 87' lang='lat' dir='ltr'>sumus,</span> <span class='ocrx_word' id='word_1_57' title='bbox 610 611 650 644; x_wconf 89' lang='lat' dir='ltr'>et</span> <span class='ocrx_word' id='word_1_58' title='bbox 671 606 791 645; x_wconf 83' lang='lat' dir='ltr'>semel</span> <span class='ocrx_word' id='word_1_59' title='bbox 812 607 967 658; x_wconf 82' lang='lat' dir='ltr'>agmine</span> <span class='ocrx_word' id='word_1_60' title='bbox 988 620 1101 645; x_wconf 89' lang='lat' dir='ltr'>verso</span> 
     </span>
     <span class='ocr_line' id='line_1_9' title="bbox 110 671 1262 724; baseline 0.003 -15"><span class='ocrx_word' id='word_1_61' title='bbox 110 671 292 710; x_wconf 82' lang='lat' dir='ltr'>funditus</span> <span class='ocrx_word' id='word_1_62' title='bbox 315 671 537 720; x_wconf 85' lang='lat' dir='ltr'>occidimus,</span> <span class='ocrx_word' id='word_1_63' title='bbox 561 685 689 722; x_wconf 88' lang='lat' dir='ltr'>neque</span> <span class='ocrx_word' id='word_1_64' title='bbox 709 672 830 711; x_wconf 90' lang='lat' dir='ltr'>habet</span> <span class='ocrx_word' id='word_1_65' title='bbox 851 673 1012 711; x_wconf 89' lang='lat' dir='ltr'>fortuna</span> <span class='ocrx_word' id='word_1_66' title='bbox 1031 686 1262 724; x_wconf 84' lang='lat' dir='ltr'>regressum,</span> 
     </span>
     <span class='ocr_line' id='line_1_10' title="bbox 111 737 1225 794; baseline 0.003 -19"><span class='ocrx_word' id='word_1_67' title='bbox 111 750 266 776; x_wconf 89' lang='lat' dir='ltr'>oremus</span> <span class='ocrx_word' id='word_1_68' title='bbox 287 751 433 788; x_wconf 83' lang='lat' dir='ltr'>pacem,</span> <span class='ocrx_word' id='word_1_69' title='bbox 457 742 497 776; x_wconf 90' lang='lat' dir='ltr'>et</span> <span class='ocrx_word' id='word_1_70' title='bbox 517 737 678 777; x_wconf 81' lang='lat' dir='ltr'>dextras</span> <span class='ocrx_word' id='word_1_71' title='bbox 699 739 909 777; x_wconf 88' lang='lat' dir='ltr'>tendamus</span> <span class='ocrx_word' id='word_1_72' title='bbox 930 739 1087 778; x_wconf 85' lang='lat' dir='ltr'>inertes.</span> <span class='ocrx_word' id='word_1_73' title='bbox 1223 792 1225 794; x_wconf 21' lang='grc' dir='ltr'>Ι</span> 
     </span>
     <span class='ocr_line' id='line_1_11' title="bbox 111 804 1302 858; baseline 0.003 -17"><span class='ocrx_word' id='word_1_74' title='bbox 111 817 351 855; x_wconf 89' lang='lat' dir='ltr'>quamquam</span> <span class='ocrx_word' id='word_1_75' title='bbox 373 817 406 850; x_wconf 91' lang='lat' dir='ltr'>o,</span> <span class='ocrx_word' id='word_1_76' title='bbox 431 804 463 841; x_wconf 88' lang='lat' dir='ltr'>si</span> <span class='ocrx_word' id='word_1_77' title='bbox 485 804 623 843; x_wconf 87' lang='lat' dir='ltr'>solitae</span> <span class='ocrx_word' id='word_1_78' title='bbox 645 805 858 856; x_wconf 88' lang='lat' dir='ltr'>quicquam</span> <span class='ocrx_word' id='word_1_79' title='bbox 880 805 1042 844; x_wconf 87' lang='lat' dir='ltr'>virtutis</span> <span class='ocrx_word' id='word_1_80' title='bbox 1063 805 1230 858; x_wconf 80' lang='lat' dir='ltr'>adesset,</span> <span class='ocrx_word' id='word_1_81' title='bbox 1253 827 1302 850; x_wconf 82' lang='lat'>415</span> 
     </span>
     <span class='ocr_line' id='line_1_12' title="bbox 110 869 1063 922; baseline 0.002 -15"><span class='ocrx_word' id='word_1_82' title='bbox 110 870 176 908; x_wconf 93' lang='lat' dir='ltr'>ille</span> <span class='ocrx_word' id='word_1_83' title='bbox 198 869 294 908; x_wconf 86' lang='lat' dir='ltr'>mihi</span> <span class='ocrx_word' id='word_1_84' title='bbox 316 874 409 908; x_wconf 87' lang='lat' dir='ltr'>ante</span> <span class='ocrx_word' id='word_1_85' title='bbox 431 870 526 908; x_wconf 88' lang='lat' dir='ltr'>alios</span> <span class='ocrx_word' id='word_1_86' title='bbox 548 870 851 922; x_wconf 72' lang='lat' dir='ltr'>fortunatusque</span> <span class='ocrx_word' id='word_1_87' title='bbox 872 871 1063 919; x_wconf 84' lang='lat' dir='ltr'>laborum,</span> 
     </span>
     <span class='ocr_line' id='line_1_13' title="bbox 111 936 1100 988; baseline 0.002 -14"><span class='ocrx_word' id='word_1_88' title='bbox 111 936 366 988; x_wconf 81' lang='lat' dir='ltr'>egregiusque</span> <span class='ocrx_word' id='word_1_89' title='bbox 388 936 520 983; x_wconf 81' lang='lat' dir='ltr'>animi,</span> <span class='ocrx_word' id='word_1_90' title='bbox 546 937 624 987; x_wconf 89' lang='lat' dir='ltr'>qui,</span> <span class='ocrx_word' id='word_1_91' title='bbox 649 950 698 975; x_wconf 91' lang='lat' dir='ltr'>ne</span> <span class='ocrx_word' id='word_1_92' title='bbox 720 937 815 988; x_wconf 90' lang='lat' dir='ltr'>quid</span> <span class='ocrx_word' id='word_1_93' title='bbox 837 937 915 976; x_wconf 87' lang='lat' dir='ltr'>tale</span> <span class='ocrx_word' id='word_1_94' title='bbox 937 938 1100 984; x_wconf 85' lang='lat' dir='ltr'>videret,</span> 
     </span>
     <span class='ocr_line' id='line_1_14' title="bbox 110 1002 1244 1055; baseline 0.001 -15"><span class='ocrx_word' id='word_1_95' title='bbox 110 1002 320 1055; x_wconf 85' lang='lat' dir='ltr'>procubuit</span> <span class='ocrx_word' id='word_1_96' title='bbox 342 1002 521 1050; x_wconf 89' lang='lat' dir='ltr'>moriens,</span> <span class='ocrx_word' id='word_1_97' title='bbox 546 1008 585 1041; x_wconf 89' lang='lat' dir='ltr'>et</span> <span class='ocrx_word' id='word_1_98' title='bbox 607 1003 771 1041; x_wconf 87' lang='lat' dir='ltr'>humum</span> <span class='ocrx_word' id='word_1_99' title='bbox 793 1003 912 1042; x_wconf 89' lang='lat' dir='ltr'>semel</span> <span class='ocrx_word' id='word_1_100' title='bbox 935 1017 1000 1042; x_wconf 89' lang='lat' dir='ltr'>ore</span> <span class='ocrx_word' id='word_1_101' title='bbox 1021 1003 1244 1043; x_wconf 88' lang='lat' dir='ltr'>momordit.</span> 
     </span>
     <span class='ocr_line' id='line_1_15' title="bbox 110 1068 1094 1120; baseline 0.001 -13"><span class='ocrx_word' id='word_1_102' title='bbox 110 1069 172 1107; x_wconf 87' lang='lat' dir='ltr'>sin</span> <span class='ocrx_word' id='word_1_103' title='bbox 193 1073 234 1108; x_wconf 89' lang='lat' dir='ltr'>et</span> <span class='ocrx_word' id='word_1_104' title='bbox 255 1082 348 1120; x_wconf 90' lang='lat' dir='ltr'>opes</span> <span class='ocrx_word' id='word_1_105' title='bbox 369 1068 490 1116; x_wconf 79' lang='lat' dir='ltr'>nobis,</span> <span class='ocrx_word' id='word_1_106' title='bbox 515 1074 555 1107; x_wconf 92' lang='lat' dir='ltr'>et</span> <span class='ocrx_word' id='word_1_107' title='bbox 576 1069 703 1107; x_wconf 83' lang='lat' dir='ltr'>adhuc</span> <span class='ocrx_word' id='word_1_108' title='bbox 725 1070 876 1108; x_wconf 85' lang='lat' dir='ltr'>intacta</span> <span class='ocrx_word' id='word_1_109' title='bbox 896 1070 1094 1117; x_wconf 86' lang='lat' dir='ltr'>iuventus,</span> 
     </span>
     <span class='ocr_line' id='line_1_16' title="bbox 110 1134 1304 1187; baseline 0.002 -14"><span class='ocrx_word' id='word_1_110' title='bbox 110 1134 338 1186; x_wconf 86' lang='lat' dir='ltr'>auxilioque</span> <span class='ocrx_word' id='word_1_111' title='bbox 359 1135 477 1173; x_wconf 88' lang='lat' dir='ltr'>urbes</span> <span class='ocrx_word' id='word_1_112' title='bbox 500 1134 623 1174; x_wconf 86' lang='lat' dir='ltr'>Italae</span> <span class='ocrx_word' id='word_1_113' title='bbox 645 1136 861 1187; x_wconf 87' lang='lat' dir='ltr'>populique</span> <span class='ocrx_word' id='word_1_114' title='bbox 883 1141 1096 1187; x_wconf 83' lang='lat' dir='ltr'>supersunt</span> <span class='ocrx_word' id='word_1_115' title='bbox 1108 1152 1120 1185; x_wconf 79' lang='lat'><em>3</em></span> <span class='ocrx_word' id='word_1_116' title='bbox 1255 1157 1304 1181; x_wconf 88' lang='lat'>420</span> 
     </span>
     <span class='ocr_line' id='line_1_17' title="bbox 110 1200 968 1252; baseline 0 -12"><span class='ocrx_word' id='word_1_117' title='bbox 110 1201 172 1240; x_wconf 83' lang='lat' dir='ltr'>sin</span> <span class='ocrx_word' id='word_1_118' title='bbox 192 1205 233 1239; x_wconf 88' lang='lat' dir='ltr'>et</span> <span class='ocrx_word' id='word_1_119' title='bbox 254 1200 435 1240; x_wconf 85' lang='lat' dir='ltr'>Troianis</span> <span class='ocrx_word' id='word_1_120' title='bbox 456 1215 544 1239; x_wconf 88' lang='lat' dir='ltr'>cum</span> <span class='ocrx_word' id='word_1_121' title='bbox 565 1201 691 1239; x_wconf 88' lang='lat' dir='ltr'>multo</span> <span class='ocrx_word' id='word_1_122' title='bbox 713 1201 837 1252; x_wconf 86' lang='lat' dir='ltr'>gloria</span> <span class='ocrx_word' id='word_1_123' title='bbox 858 1202 968 1240; x_wconf 84' lang='lat' dir='ltr'>venit</span> 
     </span>
    </p>

    <p class='ocr_par' dir='ltr' id='par_1_6' title="bbox 109 1267 1265 1386">
     <span class='ocr_line' id='line_1_18' title="bbox 110 1267 1265 1319; baseline 0 -14"><span class='ocrx_word' id='word_1_124' title='bbox 110 1267 300 1319; x_wconf 85' lang='lat' dir='ltr'>sanguine</span> <span class='ocrx_word' id='word_1_125' title='bbox 319 1272 484 1316; x_wconf 85' lang='lat' dir='ltr'>;—sunt</span> <span class='ocrx_word' id='word_1_126' title='bbox 504 1267 582 1305; x_wconf 89' lang='lat' dir='ltr'>illis</span> <span class='ocrx_word' id='word_1_127' title='bbox 604 1281 674 1306; x_wconf 87' lang='lat' dir='ltr'>sua</span> <span class='ocrx_word' id='word_1_128' title='bbox 695 1267 846 1315; x_wconf 81' lang='lat' dir='ltr'>funera,</span> <span class='ocrx_word' id='word_1_129' title='bbox 870 1281 1017 1318; x_wconf 83' lang='lat' dir='ltr'>parque</span> <span class='ocrx_word' id='word_1_130' title='bbox 1039 1281 1109 1319; x_wconf 86' lang='lat' dir='ltr'>per</span> <span class='ocrx_word' id='word_1_131' title='bbox 1130 1281 1265 1306; x_wconf 89' lang='lat' dir='ltr'>omnes</span> 
     </span>
     <span class='ocr_line' id='line_1_19' title="bbox 109 1333 1043 1386; baseline -0.001 -13"><span class='ocrx_word' id='word_1_132' title='bbox 109 1338 454 1386; x_wconf 82' lang='lat' dir='ltr'>tempestas—cur</span> <span class='ocrx_word' id='word_1_133' title='bbox 474 1333 675 1372; x_wconf 79' lang='lat' dir='ltr'>indecores</span> <span class='ocrx_word' id='word_1_134' title='bbox 698 1333 737 1371; x_wconf 90' lang='lat' dir='ltr'>in</span> <span class='ocrx_word' id='word_1_135' title='bbox 758 1334 894 1373; x_wconf 90' lang='lat' dir='ltr'>limine</span> <span class='ocrx_word' id='word_1_136' title='bbox 915 1334 1043 1385; x_wconf 88' lang='lat' dir='ltr'>primo</span> 
     </span>
    </p>

    <p class='ocr_par' dir='ltr' id='par_1_7' title="bbox 107 1400 1304 1579">
     <span class='ocr_line' id='line_1_20' title="bbox 107 1400 1227 1451; baseline -0.001 -12"><span class='ocrx_word' id='word_1_137' title='bbox 107 1400 339 1439; x_wconf 68' lang='lat' dir='ltr'>deficimus?</span> <span class='ocrx_word' id='word_1_138' title='bbox 369 1413 438 1438; x_wconf 90' lang='lat' dir='ltr'>cur</span> <span class='ocrx_word' id='word_1_139' title='bbox 459 1405 551 1438; x_wconf 86' lang='lat' dir='ltr'>ante</span> <span class='ocrx_word' id='word_1_140' title='bbox 574 1400 712 1438; x_wconf 89' lang='lat' dir='ltr'>tubam</span> <span class='ocrx_word' id='word_1_141' title='bbox 733 1404 882 1438; x_wconf 90' lang='lat' dir='ltr'>tremor</span> <span class='ocrx_word' id='word_1_142' title='bbox 902 1405 1067 1451; x_wconf 85' lang='lat' dir='ltr'>occupat</span> <span class='ocrx_word' id='word_1_143' title='bbox 1088 1404 1197 1438; x_wconf 85' lang='lat' dir='ltr'>artus</span> <span class='ocrx_word' id='word_1_144' title='bbox 1214 1402 1227 1438; x_wconf 72' lang='lat'><strong><em>2</em></strong></span> 
     </span>
     <span class='ocr_line' id='line_1_21' title="bbox 109 1466 1304 1517; baseline -0.003 -10"><span class='ocrx_word' id='word_1_145' title='bbox 109 1468 238 1507; x_wconf 85' lang='lat' dir='ltr'>multa</span> <span class='ocrx_word' id='word_1_146' title='bbox 258 1467 341 1505; x_wconf 87' lang='lat' dir='ltr'>dies</span> <span class='ocrx_word' id='word_1_147' title='bbox 362 1466 540 1517; x_wconf 84' lang='lat' dir='ltr'>variique</span> <span class='ocrx_word' id='word_1_148' title='bbox 561 1466 672 1504; x_wconf 89' lang='lat' dir='ltr'>labor</span> <span class='ocrx_word' id='word_1_149' title='bbox 694 1466 897 1506; x_wconf 88' lang='lat' dir='ltr'>mutabilis</span> <span class='ocrx_word' id='word_1_150' title='bbox 918 1466 1004 1504; x_wconf 83' lang='lat' dir='ltr'>aevi</span> <span class='ocrx_word' id='word_1_151' title='bbox 1255 1486 1304 1511; x_wconf 81' lang='lat'>425</span> 
     </span>
     <span class='ocr_line' id='line_1_22' title="bbox 110 1532 1060 1579; baseline -0.003 -6"><span class='ocrx_word' id='word_1_152' title='bbox 110 1534 268 1574; x_wconf 87' lang='lat' dir='ltr'>rettulit</span> <span class='ocrx_word' id='word_1_153' title='bbox 289 1533 330 1571; x_wconf 88' lang='lat' dir='ltr'>in</span> <span class='ocrx_word' id='word_1_154' title='bbox 350 1532 489 1571; x_wconf 87' lang='lat' dir='ltr'>melius</span> <span class='ocrx_word' id='word_1_155' title='bbox 508 1547 518 1579; x_wconf 87' lang='grc'>·,</span> <span class='ocrx_word' id='word_1_156' title='bbox 546 1532 692 1571; x_wconf 78' lang='lat' dir='ltr'>multos</span> <span class='ocrx_word' id='word_1_157' title='bbox 714 1532 867 1571; x_wconf 86' lang='lat' dir='ltr'>alterna</span> <span class='ocrx_word' id='word_1_158' title='bbox 886 1533 1060 1571; x_wconf 88' lang='lat' dir='ltr'>revisens</span> 
     </span>
    </p>

    <p class='ocr_par' dir='ltr' id='par_1_8' title="bbox 109 1598 994 1639">
     <span class='ocr_line' id='line_1_23' title="bbox 109 1598 994 1639; baseline -0.002 0"><span class='ocrx_word' id='word_1_159' title='bbox 109 1600 208 1639; x_wconf 87' lang='lat' dir='ltr'>lusit</span> <span class='ocrx_word' id='word_1_160' title='bbox 230 1604 270 1638; x_wconf 89' lang='lat' dir='ltr'>et</span> <span class='ocrx_word' id='word_1_161' title='bbox 290 1598 332 1637; x_wconf 91' lang='lat' dir='ltr'>in</span> <span class='ocrx_word' id='word_1_162' title='bbox 352 1598 479 1638; x_wconf 86' lang='lat' dir='ltr'>solido</span> <span class='ocrx_word' id='word_1_163' title='bbox 501 1612 634 1637; x_wconf 85' lang='lat' dir='ltr'>rursus</span> <span class='ocrx_word' id='word_1_164' title='bbox 656 1598 820 1637; x_wconf 86' lang='lat' dir='ltr'>fortuna</span> <span class='ocrx_word' id='word_1_165' title='bbox 840 1598 994 1637; x_wconf 85' lang='lat' dir='ltr'>locavit.</span> 
     </span>
    </p>

    <p class='ocr_par' dir='ltr' id='par_1_9' title="bbox 111 1664 990 1715">
     <span class='ocr_line' id='line_1_24' title="bbox 111 1664 990 1715; baseline -0.002 -11"><span class='ocrx_word' id='word_1_166' title='bbox 111 1680 192 1704; x_wconf 91' lang='lat' dir='ltr'>non</span> <span class='ocrx_word' id='word_1_167' title='bbox 214 1666 289 1705; x_wconf 85' lang='lat' dir='ltr'>erit</span> <span class='ocrx_word' id='word_1_168' title='bbox 309 1665 459 1704; x_wconf 87' lang='lat' dir='ltr'>auxilio</span> <span class='ocrx_word' id='word_1_169' title='bbox 480 1665 593 1703; x_wconf 87' lang='lat' dir='ltr'>nobis</span> <span class='ocrx_word' id='word_1_170' title='bbox 615 1664 782 1703; x_wconf 81' lang='lat' dir='ltr'>Aetolus</span> <span class='ocrx_word' id='word_1_171' title='bbox 804 1669 844 1703; x_wconf 88' lang='lat' dir='ltr'>et</span> <span class='ocrx_word' id='word_1_172' title='bbox 864 1664 963 1715; x_wconf 91' lang='lat' dir='ltr'>Arpi</span> <span class='ocrx_word' id='word_1_173' title='bbox 983 1680 990 1703; x_wconf 74' lang='grc' dir='ltr'>ε</span> 
     </span>
    </p>

    <p class='ocr_par' dir='ltr' id='par_1_10' title="bbox 112 1730 1107 1783">
     <span class='ocr_line' id='line_1_25' title="bbox 112 1730 1107 1783; baseline -0.004 -11"><span class='ocrx_word' id='word_1_174' title='bbox 112 1738 154 1773; x_wconf 83' lang='lat' dir='ltr'>at</span> <span class='ocrx_word' id='word_1_175' title='bbox 176 1733 381 1783; x_wconf 80' lang='lat' dir='ltr'>Messapus</span> <span class='ocrx_word' id='word_1_176' title='bbox 403 1731 478 1770; x_wconf 83' lang='lat' dir='ltr'>erit</span> <span class='ocrx_word' id='word_1_177' title='bbox 498 1731 672 1782; x_wconf 83' lang='lat' dir='ltr'>felixque</span> <span class='ocrx_word' id='word_1_178' title='bbox 693 1730 926 1769; x_wconf 87' lang='lat' dir='ltr'>Tolumnius</span> <span class='ocrx_word' id='word_1_179' title='bbox 947 1734 988 1769; x_wconf 88' lang='lat' dir='ltr'>et</span> <span class='ocrx_word' id='word_1_180' title='bbox 1008 1743 1107 1780; x_wconf 84' lang='lat' dir='ltr'>quos</span> 
     </span>
    </p>

    <p class='ocr_par' dir='ltr' id='par_1_11' title="bbox 113 1797 1307 1916">
     <span class='ocr_line' id='line_1_26' title="bbox 113 1797 1307 1851; baseline -0.003 -13"><span class='ocrx_word' id='word_1_181' title='bbox 113 1804 176 1838; x_wconf 89' lang='lat' dir='ltr'>tot</span> <span class='ocrx_word' id='word_1_182' title='bbox 195 1798 333 1851; x_wconf 89' lang='lat' dir='ltr'>populi</span> <span class='ocrx_word' id='word_1_183' title='bbox 354 1798 494 1836; x_wconf 84' lang='lat' dir='ltr'>misere</span> <span class='ocrx_word' id='word_1_184' title='bbox 515 1797 634 1835; x_wconf 88' lang='lat' dir='ltr'>duces</span> <span class='ocrx_word' id='word_1_185' title='bbox 652 1812 662 1845; x_wconf 79' lang='lat'>3</span> <span class='ocrx_word' id='word_1_186' title='bbox 694 1810 765 1835; x_wconf 89' lang='lat' dir='ltr'>nec</span> <span class='ocrx_word' id='word_1_187' title='bbox 786 1810 909 1848; x_wconf 86' lang='lat' dir='ltr'>parva</span> <span class='ocrx_word' id='word_1_188' title='bbox 930 1801 1118 1847; x_wconf 86' lang='lat' dir='ltr'>sequetur</span> <span class='ocrx_word' id='word_1_189' title='bbox 1256 1816 1307 1841; x_wconf 75' lang='lat'>430</span> 
     </span>
     <span class='ocr_line' id='line_1_27' title="bbox 114 1862 1050 1916; baseline -0.004 -12"><span class='ocrx_word' id='word_1_190' title='bbox 114 1865 240 1916; x_wconf 85' lang='lat' dir='ltr'>gloria</span> <span class='ocrx_word' id='word_1_191' title='bbox 260 1864 432 1903; x_wconf 85' lang='lat' dir='ltr'>delectos</span> <span class='ocrx_word' id='word_1_192' title='bbox 453 1863 570 1901; x_wconf 82' lang='lat' dir='ltr'>Latio</span> <span class='ocrx_word' id='word_1_193' title='bbox 590 1867 630 1901; x_wconf 87' lang='lat' dir='ltr'>et</span> <span class='ocrx_word' id='word_1_194' title='bbox 650 1862 915 1901; x_wconf 82' lang='lat' dir='ltr'>Laurentibus</span> <span class='ocrx_word' id='word_1_195' title='bbox 936 1862 1050 1913; x_wconf 86' lang='lat' dir='ltr'>agris.</span> 
     </span>
    </p>

    <p class='ocr_par' dir='ltr' id='par_1_12' title="bbox 116 1928 1071 1981">
     <span class='ocr_line' id='line_1_28' title="bbox 116 1928 1071 1981; baseline -0.003 -11"><span class='ocrx_word' id='word_1_196' title='bbox 116 1936 176 1970; x_wconf 88' lang='lat' dir='ltr'>est</span> <span class='ocrx_word' id='word_1_197' title='bbox 198 1936 237 1970; x_wconf 86' lang='lat' dir='ltr'>et</span> <span class='ocrx_word' id='word_1_198' title='bbox 259 1930 493 1969; x_wconf 85' lang='lat' dir='ltr'>Volscorum</span> <span class='ocrx_word' id='word_1_199' title='bbox 515 1929 671 1981; x_wconf 83' lang='lat' dir='ltr'>egregia</span> <span class='ocrx_word' id='word_1_200' title='bbox 692 1929 740 1968; x_wconf 87' lang='lat' dir='ltr'>de</span> <span class='ocrx_word' id='word_1_201' title='bbox 762 1934 879 1980; x_wconf 85' lang='lat' dir='ltr'>gente</span> <span class='ocrx_word' id='word_1_202' title='bbox 897 1928 1071 1976; x_wconf 84' lang='lat' dir='ltr'>Camilla,</span> 
     </span>
    </p>

    <p class='ocr_par' dir='ltr' id='par_1_13' title="bbox 117 1995 1181 2048">
     <span class='ocr_line' id='line_1_29' title="bbox 117 1995 1181 2048; baseline -0.004 -13"><span class='ocrx_word' id='word_1_203' title='bbox 117 2010 258 2048; x_wconf 85' lang='lat' dir='ltr'>agmen</span> <span class='ocrx_word' id='word_1_204' title='bbox 279 2010 397 2048; x_wconf 84' lang='lat' dir='ltr'>agens</span> <span class='ocrx_word' id='word_1_205' title='bbox 419 1996 597 2046; x_wconf 89' lang='lat' dir='ltr'>equitum</span> <span class='ocrx_word' id='word_1_206' title='bbox 619 2000 659 2033; x_wconf 89' lang='lat' dir='ltr'>et</span> <span class='ocrx_word' id='word_1_207' title='bbox 682 1995 865 2034; x_wconf 82' lang='lat' dir='ltr'>florentes</span> <span class='ocrx_word' id='word_1_208' title='bbox 887 2008 974 2034; x_wconf 85' lang='lat' dir='ltr'>aere</span> <span class='ocrx_word' id='word_1_209' title='bbox 996 1999 1181 2033; x_wconf 85' lang='lat' dir='ltr'>catervas.</span> 
     </span>
    </p>
   </div>
  </div>
 </body>
</html>
