1418 2197
114 135 132 165 8
470 138 505 172 Ρ.
535 138 723 171 VERGILI
749 139 956 172 MARONIS

111 223 190 262 iam
211 230 324 276 pater
345 226 511 275 Aeneas,
534 227 612 265 iam
634 241 753 267 curvo
774 228 816 267 in
837 228 952 267 litore
974 229 1154 268 Tarchon

111 291 352 331 constituere
374 306 504 344 pyras„
567 293 644 332 huc
666 308 829 345 corpora
849 294 1015 346 quisque
1038 308 1198 334 suorum

111 369 219 396 more
241 358 365 398 tulere
388 364 548 409 patrum
564 374 575 408 3
607 360 871 412 subiectisque
893 361 1050 412 ignibus
1072 361 1168 400 atris

111 423 294 462 conditur
313 425 355 462 in
375 425 558 464 tenebras
580 425 706 464 altum
728 426 894 478 caligine
916 426 1076 466 caelum.

109 493 171 528 ter
193 489 335 528 circum
358 504 550 539 accensos
575 492 692 530 cincti
713 492 955 543 fulgentibus
977 493 1104 540 armis,

109 554 317 595 decurrere
339 570 454 608 rogos
470 572 480 606 3
499 562 573 602 ¹ter
594 564 788 597 maestum
810 559 958 597 funeris
978 559 1111 610 ignem

109 620 328 661 lustravere
350 623 391 661 in
412 623 532 674 equis,
558 624 810 675 ululatusque
832 638 897 663 ore
919 625 1071 663 dedere.

110 688 309 740 spargitur
330 694 370 728 et
391 689 510 728 tellus
532 690 714 739 lacrimis,
738 695 978 742 sparguntur
998 695 1038 730 et
1058 704 1175 730 arma.

109 753 142 792 it
164 754 269 793 caelo
291 755 515 806 clamorque
536 756 666 795 virum
689 756 925 808 clangorque
946 757 1141 796 tubarum.

110 820 201 859 hinc
221 821 289 859 alii
312 822 438 873 spolia
460 822 594 861 occisis
617 823 782 874 derepta
801 822 953 862 Latinis

110 887 312 926 coniciunt
333 888 427 939 igni,
452 888 593 940 galeas,
618 902 806 940 ensesque
829 889 999 937 decoros,

109 953 307 1005 frenaque,
330 954 609 1006 ferventesque
630 959 737 994 rotas
752 970 762 1004 3
793 969 884 1007 pars
905 968 1069 994 munera
1090 960 1194 1003 nota,

80 1072 87 1075 p
109 1011 284 1071 iffiorum
307 1020 451 1071 clipeos
473 1026 514 1059 et
534 1034 613 1059 non
635 1021 765 1061 felicia
785 1021 873 1060 tela.

110 1086 235 1124 multa
255 1086 373 1125 boum
396 1087 496 1126 circa
518 1092 741 1126 mactantur
763 1101 924 1139 corpora
945 1087 1080 1135 Morti,

110 1152 401 1203 saetigerosque
424 1166 510 1191 sues
533 1158 743 1204 raptasque
765 1167 815 1192 ex
836 1154 1018 1193 omnibus
1039 1153 1143 1205 agris

109 1217 151 1256 in
172 1218 371 1257 flammam
392 1219 574 1270 iugulant
594 1219 775 1270 pecudes.
839 1224 924 1258 tum
946 1219 1062 1258 litore
1083 1224 1170 1258 toto

110 1284 294 1324 ardentes
316 1290 495 1336 spectant
518 1285 651 1334 socios,
676 1286 940 1336 semiustaque
962 1290 1121 1324 servant

109 1351 237 1399 busta,
258 1364 386 1402 neque
409 1351 525 1390 avelli
547 1357 725 1403 possunt,
749 1366 829 1391 nox
851 1351 987 1390 umida
1008 1351 1132 1390 donec

110 1417 276 1456 invertit
297 1417 449 1456 caelum
472 1418 596 1457 stellis
619 1418 864 1469 fulgentibus
887 1422 1031 1470 aptum.

166 1496 238 1521 1100
258 1483 390 1522 minus
412 1488 452 1522 et
473 1483 605 1522 miseri
628 1483 784 1522 diversa
804 1484 846 1522 in
866 1488 978 1535 parte
999 1483 1133 1522 Latini

109 1549 336 1588 innumeras
358 1554 538 1589 struxere
561 1564 678 1601 pyras
697 1565 706 1598 3
738 1555 778 1588 et
799 1563 961 1601 corpora
981 1549 1128 1600 partim

110 1615 236 1654 multa
256 1616 387 1655 virum
409 1621 537 1655 terrae
560 1616 772 1664 infodiunt,
799 1620 1014 1667 avectaque
1035 1616 1182 1667 partim

111 1682 300 1721 finitimos
322 1682 470 1721 tollunt
492 1683 533 1721 in
555 1696 679 1734 agros,
703 1683 868 1732 urbique
890 1682 1102 1720 remittunt
1117 1697 1127 1731 3

110 1752 248 1795 cetera,
274 1749 539 1799 confusaeque
561 1748 763 1799 ingentem
785 1747 914 1786 caedis
935 1760 1129 1795 acervum,

1256 309 1302 340 185

1256 646 1305 671 190

1256 977 1302 1002 195

1257 1307 1306 1323 200

1256 1637 1304 1660 205

110 1828 181 1854 nec
203 1829 368 1854 numero
390 1829 461 1854 nec
483 1815 632 1855 honore
655 1819 831 1854 cremant
846 1829 857 1863 3
888 1819 983 1853 tunc
1005 1814 1182 1865 undique
1203 1813 1306 1853 vasti

111 1881 292 1920 certatim
315 1881 460 1920 crebris
483 1881 678 1920 collucent
699 1881 856 1932 ignibus
879 1880 971 1932 agri.

111 1948 230 1985 tertia
251 1947 322 1986 lux
344 1947 517 1999 gelidam
538 1946 646 1986 caelo
667 1947 890 1986 dimoverat
911 1946 1092 1985 umbram
1109 1962 1116 1986 ε

108 2018 331 2052 maerentes
353 2013 480 2052 altum
502 2013 674 2052 cinerem
696 2017 736 2050 et
759 2012 921 2051 confusa
941 2012 1110 2051 ruebant

1260 1968 1308 1984 210
